2034 3490
485 111 1439 188 1NTERPRETAT1o.
1767 135 1850 201 99

698 286 754 353 C
804 288 860 353 A
908 285 979 352 P.
1053 287 1247 356 X1V.

187 398 284 467 De
307 396 527 484 Libyae,
562 396 695 481 five
720 399 966 488 Africae,
993 404 1269 464 terminis
1294 415 1403 463 aut
1425 394 1733 465 limitibus,

335 505 463 559 Uod
490 506 525 559 fi
555 509 710 558 etiam
728 507 880 574 Lihyae
901 503 1152 559 desideres
1178 502 1418 569 formam,
1445 525 1546 557 non
1576 521 1624 556 te
1651 501 1851 555 celabo.

357 582 563 649 Nempe
586 575 757 648 Libya
777 574 993 648 quidem
1019 593 1226 631 extenta
1256 576 1325 630 ad
1358 578 1588 631 Austrum
1615 573 1769 645 serpit
1801 598 1815 625 2

78 672 181 718 420
221 649 305 704 Ad
333 650 572 703 Austrum
599 649 651 701 &
675 649 881 711 Ortum,
920 648 1155 702 mensulae
1182 646 1346 702 forma
1372 649 1561 701 fimilis.

216 721 301 776 Ad
332 721 467 774 Liba
491 719 698 792 quidem
722 719 913 792 Libya,
942 721 1151 793 Europa
1174 736 1346 774 autem
1372 721 1539 774 tendit
1568 720 1634 772 ad
1657 716 1854 779 Areios,

220 794 355 864 Qae
385 792 540 845 ambo
563 792 761 845 habent
796 792 864 844 ad
885 792 1059 862 Aliam
1089 792 1327 845 ultimum
1347 793 1614 864 vestigium

220 866 409 919 Ortum
437 861 600 918 versus
629 888 640 915 ε
684 864 763 916 Ibi
792 865 928 916 enim
957 864 1183 937 Libyam
1211 866 1276 916 ab
1298 866 1412 918 Afia

218 937 467 990 Arabicus
495 937 624 988 finus
652 934 989 1000 disterminat,
1029 956 1184 1009 atque
1216 939 1371 989 etiam
1402 936 1620 989 Isthmus

77 1031 174 1080 425
219 1010 466 1061 Vicinus:
504 1007 676 1063 Limes
704 1008 935 1061 Borealis
962 1007 1148 1063 Africae

224 1080 314 1135 Est
343 1078 777 1134 Mediterraneum
806 1100 978 1134 mare:
1017 1081 1308 1135 Occiduum
1337 1080 1639 1151 notiumque

226 1154 534 1206 Terminum
560 1151 718 1204 habet
750 1151 920 1226 Libya
951 1151 1146 1206 cursum
1172 1152 1374 1206 occidui
1404 1152 1603 1206 Oceani

218 1224 290 1277 Et
312 1225 462 1288 notii,
499 1242 652 1295 quem
679 1222 830 1277 aliter
855 1227 1174 1299 AEt'biopicum
1199 1241 1405 1278 vocant.

148 1460 242 1524 De
276 1454 564 1522 hodierna
590 1363 1269 1561 Bargiriizzz’isssiizlsin
1310 1455 1436 1545 ipsa
1460 1456 1822 1544 Regionibus

795 1564 1084 1635 antzqms.

228 1654 324 1756 V
340 1653 499 1707 Erum
526 1650 595 1705 ad
617 1665 903 1705 extremum
924 1652 1135 1723 quidem
1160 1653 1344 1727 Libyae
1365 1652 1873 1725 angulumhabitant

85 1744 189 1794 430
348 1724 514 1796 Prope
535 1722 817 1777 Columnas
838 1724 1131 1794 [Herculis]
1164 1731 1438 1779 Mauritanae
1456 1743 1634 1798 gentes
1654 1743 1796 1781 terrae
1814 1751 1828 1778 ι

227 1796 307 1849 Ibi
333 1802 452 1848 Fezae
478 1796 617 1858 urbS‚
655 1796 708 1848 &
736 1796 857 1849 urbs
886 1801 1139 1861 Morocciae,

231 1868 509 1922 Domicilia
541 1867 791 1921 Mauriaci
824 1869 979 1940 Regis
1017 1870 1124 1923 late
1152 1868 1479 1923 dominantis.

296 1941 412 1995 Post
456 1940 549 1992 has
574 1956 746 1993 autem
775 1941 1028 2022 [Gentes]
1057 1943 1368 1995 Numidarum
1395 1941 1523 1995 olim
1551 1958 1697 1997 erant
1726 1944 1873 1995 innu==

547 2031 697 2065 merae
724 2029 959 2066 nationes
989 2033 1004 2063 .-

230 2081 343 2140 Illis
364 2104 500 2138 nunc
527 2086 786 2156 imperant
812 2087 968 2157 Algirae
989 2085 1167 2140 incolae

88 2179 186 2229 435
233 2159 533 2220 Maritimae,
571 2157 790 2210 navibus
817 2156 1135 2229 profundum
1169 2172 1380 2230 portum
1404 2157 1662 2222 habentis,

235 2230 336 2285 Sed
379 2229 522 2283 haud
548 2244 755 2301 gratum
783 2232 952 2283 nautis
980 2231 1301 2284 Christianis.
1586 2233 1839 2302 [virorum
1861 2254 1875 2281 ε

306 2303 422 2356 Post
451 2302 544 2355 has
566 2317 735 2354 autem
763 2303 1052 2371 [nationes]
1082 2303 1295 2355 cimorum
1304 2308 1453 2375 primo
1472 2302 1691 2375 Afrorum
1709 2307 1882 2374 gentes

232 2374 346 2428 Ubi
374 2376 593 2444 Carthago
615 2372 982 2445 perjucundum
1010 2375 1306 2429 continebat
1326 2391 1554 2447 portum,

231 2449 626 2518 Cartbago‚quan1
637 2445 779 2499 fama
794 2448 864 2499 est
883 2446 977 2501 sub
992 2447 1182 2501 bovino
1201 2463 1399 2519 tergore
1413 2445 1701 2500 dimensam
1715 2442 1880 2507 fuiffe‚

92 2541 196 2588 440
234 2521 471 2590 Carthago,
514 2534 696 2591 potens
721 2518 848 2571 olim
875 2520 1080 2591 Regina
1112 2521 1320 2591 Libyca:
1347 2537 1492 2572 terrae
1514 2544 1527 2571 :

238 2591 329 2645 Est
359 2609 528 2645 autern
559 2589 756 2644 deserta
780 2592 833 2645 ὃ(
869 2612 1004 2646 nunc
1030 2591 1260 2646 funditus
1287 2594 1456 2664 periit.

235 2664 405 2736 Prope
430 2683 550 2716 vero
575 2664 710 2725 hanc
737 2662 982 2729 dirutam,
1012 2671 1060 2717 T
1055 2666 1247 2737 uniffizm
1272 2665 1508 2718 homines
1534 2663 1785 2726 incolunt,

237 2737 446 2807 Qibus
467 2736 827 2808 obtemperant
850 2755 1025 2809 gentes
1040 2739 1264 2792 virorum
1278 2735 1836 2790 circumhabitantium.³

240 2809 496 2882 Deinceps
524 2814 669 2879 Syrtis
697 2828 854 2881 aquas
879 2811 1123 2862 Tritonidis
1161 2809 1374 2863 Paludis

98 2902 164 2946 44
175 2904 194 2951 5
240 2886 391 2933 Minor
420 2882 626 2953 accipit,
666 2880 734 2934 ad
764 2898 934 2934 ortum
961 2902 1080 2936 vero
1108 2884 1248 2936 venit
1273 2881 1437 2935 altera

241 2956 274 2991 *
296 2953 534 3024 Immensa,
574 2952 911 3025 amplioribus
936 2971 1149 3009 onerata
1185 2953 1489 3028 gurgitibus,

241 3027 446 3079 Harum
476 3040 644 3078 autem
665 3026 938 3079 ambarum
957 3027 1008 3080 in
1035 3027 1208 3081 medio
1243 3028 1359 3081 urbs
1387 3024 1619 3079 stabilita
1644 3025 1736 3086 est,

243 3097 421 3163 Qam
450 3097 795 3171 appellabant
811 3102 1047 3173 Neapolin,
1084 3099 1220 3174 cujus
1247 3099 1380 3155 ultra
1406 3116 1593 3153 terram

312 3195 331 3243 ’Ῡ
363 3194 505 3244 Major.
1482 3218 1485 3219 ν

487 3249 492 3251 ’
894 3248 951 3305 ‚N
990 3268 1020 3306 2,
1747 3250 1890 3299 Loto-
