2034 3490
488 0 1442 130 lNrERPRETATlo.
1733 80 1853 145 ης

330 162 482 220 Talis
508 162 718 234 quidem
739 160 904 215 forma
933 164 1078 226 Afiae‚
1109 165 1161 217 8<
1190 179 1363 234 gentes
1388 164 1622 217 totidem.

258 237 534 304 Quantum
553 236 689 287 enim
716 232 866 305 supra
894 234 1120 288 Chinam
1148 250 1406 289 extentum
1432 237 1501 289 est
1529 235 1709 288 Solum

89 335 222 371 1000
260 307 346 361 Ad
376 308 611 368 Boream,
641 320 842 359 tantum
868 306 1187 378 incognitum
1208 306 1352 369 olim,
1378 309 1430 360 &
1458 307 1674 360 adhunc
1700 302 1858 374 usque

260 379 398 431 Viris
418 378 678 449 Europaeis
701 401 713 429 :
753 395 915 447 quare
934 380 1149 432 omnino
1168 380 1412 431 incertum
1433 379 1504 432 est
1673 376 1858 447 [diem,

263 450 459 502 Utrum
480 449 596 502 Afia
627 463 843 520 pontum
870 447 939 501 ad
967 449 1151 504 flatum
1178 451 1353 502 Boreae
1832 506 1839 513 ,

260 521 567 576 Terminum
586 519 765 582 habet,
792 539 856 572 an
875 521 1167 575 extenditur
1185 521 1546 574 Americanam
1572 517 1641 571 ad
1668 515 1824 588 usque

262 594 644 655 Continentem,
684 591 820 665 cujus
845 610 974 645 nunc
1000 594 1099 647 tibi
1129 592 1405 666 explicabo
1427 592 1722 663 imaginem.

720 697 776 764 C
810 700 870 764 A
901 699 971 766 P.
1031 697 1249 765 XXX.

354 789 452 856 De
498 787 770 853 America
806 789 937 879 five
982 786 1167 855 India
1215 789 1591 855 occidentali.

91 917 217 965 1005
276 894 645 994 AMericanam
671 889 890 943 Isthmus
917 887 1158 944 bifariam
1188 888 1398 944 difl‘ecat
1425 907 1616 946 terram

402 963 673 1034 AngustuS,
703 960 1004 1033 mediusque
1029 963 1183 1015 maris
1212 963 1450 1016 australis
1478 966 1530 1018 8<
1560 962 1776 1019 borealis
1807 986 1826 1029 3

267 1035 624 1101 Qem—etiam
651 1038 899 1086 Darienum
937 1050 1280 1106 cognomento
1307 1033 1504 1089 dicunt.

264 1112 428 1177 Supra
447 1107 583 1159 hunc
605 1110 813 1158 America
839 1122 1045 1160 extenta
1072 1106 1144 1158 est
1172 1107 1369 1170 borealis,

264 1178 405 1234 Infra
429 1181 547 1231 vero
568 1178 703 1231 hunc
725 1178 959 1244 azstralis:
996 1179 1182 1233 Dicam
1212 1180 1460 1250 imprimis
1487 1178 1766 1234 borealem.

96 1279 229 1315 1010
339 1252 490 1305 Circa
516 1248 690 1303 littora
720 1250 968 1314 borealia,
1008 1248 1287 1320 Hudfhm'um
1316 1249 1384 1303 ad
1409 1256 1584 1314 Sinum,

266 1324 396 1380 Heic
430 1343 549 1375 nova
574 1322 858 1395 porrigitur
877 1324 1105 1384 Cambria,
1125 1321 1234 1373 illic
1252 1343 1372 1373 nova
1398 1328 1655 1377 Britannia.

339 1396 588 1467 Deinceps
614 1397 807 1447 Francia
832 1415 952 1445 nova
969 1393 1277 1456 extenditur,

272 1469 541 1539 Utrinque
567 1466 634 1518 ad
659 1465 958 1538 pulchriflui
980 1467 1170 1518 Canadae
1202 1465 1370 1519 altum
1399 1465 1646 1522 fluentum
1680 1486 1695 1517 .·

269 1543 607 1612 Qapropter
646 1536 810 1610 ipsam
836 1540 994 1592 etiam
1012 1554 1204 1592 terram
1229 1537 1380 1591 aliter-
1405 1556 1591 1593 vocant
1619 1541 1871 1607 Canaa'am,

101 1641 119 1676 1
136 1636 230 1685 015
273 1613 389 1668 Ubi
417 1609 564 1684 super
590 1609 805 1663 fluvium
832 1612 1079 1683 thecciae
1108 1611 1179 1664 est
1205 1609 1475 1683 oppidum.

342 1684 495 1738 Illinc
518 1680 667 1756 super
691 1682 837 1736 littus
863 1683 1016 1736 maris
1044 1680 1473 1754 septentrionalis,

273 1759 459 1829 Longe
485 1754 555 1808 ad
582 1756 806 1808 austrum
830 1754 1064 1809 incolunt
1090 1755 1274 1827 Anglis
1300 1757 1540 1827 prognati
1567 1781 1581 1810 ε

267 1832 342 1885 Ηί
370 1827 581 1902 quidem
610 1827 905 1882 inhabitant
946 1829 1134 1900 pingue
1161 1826 1327 1881 solum
1354 1830 1520 1899 Angliae
1548 1850 1690 1893 novae,

272 1902 387 1956 Ubi
424 1901 739 1955 maritimum
778 1901 986 1968 Bosssoniae
1013 1901 1084 1953 est
1108 1900 1362 1973 oppidum
1392 1922 1410 1966 3

97 1998 231 2035 1020
274 1974 361 2030 Illi
383 1988 556 2028 autem
583 1975 844 2045 regionem
873 1974 926 2026 ὃς
954 1971 1208 2045 oppidum
1236 1975 1428 2025 Eboraci
1455 1977 1560 2031 novi
1585 1995 1600 2024 ε

272 2048 378 2103 Alii
404 2065 525 2099 vero
553 2048 816 2118 geminum
837 2043 1001 2098 solum
1020 2044 1250 2099 incolunt
1280 2066 1406 2096 novae
1427 2045 1568 2117 Jevsae
1593 2068 1614 2113 5

270 2121 377 2175 Alii
404 2119 559 2172 etiam
584 2120 615 2153 *
644 2123 783 2170 Penni
809 2133 996 2171 terram
1027 2117 1154 2171 olim
1178 2116 1430 2190 Sylvosam,

274 2193 388 2246 Ubi
416 2192 548 2244 bene
574 2191 815 2244 structum
849 2192 1152 2262 Philadelpbiae
1177 2187 1434 2264 oppidum
1463 2212 1482 2256 3

275 2265 381 2319 Alii
408 2260 574 2319 rursus
593 2261 757 2319 solum
784 2263 838 2316 &
862 2262 1116 2335 oppidum
1135 2263 1446 2335 cognomine
1472 2266 1672 2330 Μανίας,

101 2357 230 2405 1025
275 2337 381 2391 Alii
401 2337 555 2388 etiam
581 2338 609 2388 a
633 2341 829 2406 Virginia
850 2333 1236 2388 denominatam
1261 2351 1447 2388 terram
1470 2335 1702 2407 Reginae,

272 2411 386 2464 Ubi
440 2423 783 2480 cognomento
821 2408 986 2468 Jacobi
1026 2408 1097 2462 est
1140 2409 1339 2480 oppidum
1363 2431 1380 2472 3

276 2482 378 2537 Alii
414 2482 572 2534 etiam
614 2481 921 2552 cognomine
959 2481 1107 2532 Caroli
1146 2497 1316 2533 terram
1345 2481 1398 2534 &
1434 2479 1632 2553 oppidtmz

272 2553 610 2626 Anglicorum
632 2553 902 2609 hominum
930 2549 1078 2624 super
1102 2555 1450 2606 continentem
1471 2554 1702 2607 extremi.

386 2627 639 2699 Deinceps
663 2641 799 2679 terra
836 2624 1149 2697 expanditur
1172 2625 1350 2693 Florida

101 2717 233 2767 1030
273 2697 359 2754 Ad
385 2699 644 2763 Austrum,
664 2698 754 2751 ubi
775 2698 1037 2751 maritima
1066 2696 1251 2752 domus
1281 2703 1408 2768 Augu
1449 2705 1527 2757 ini.

389 2770 539 2824 Illinc
560 2771 627 2824 ad
648 2770 953 2844 Zephyrum
987 2770 1040 2823 ὃ(
1067 2769 1139 2824 ad
1164 2770 1402 2824 Austrum
1424 2788 1552 2825 terra
1584 2775 1844 2839 Mexicana,

279 2842 510 2914 Duplex,
542 2844 595 2897 &
626 2843 860 2907 bimaris,
901 2841 1115 2896 ulterius
1143 2843 1455 2915 porrigitur:
1839 2841 1841 2845 ’

208 2919 211 2922 ’
279 2918 526 2970 Ατξὶοῑιῐη
554 2932 741 2969 vocant
759 2937 949 2979 novam,
974 2915 1268 2969 Australem
1295 2934 1417 2969 vero
1438 2934 1629 2969 veterem
1655 2938 1674 2972 .·

278 2989 610 3060 (Utrobique
641 2990 762 3043 urbs
785 2984 1008 3060 ejusdem
1032 2989 1253 3041 nominis
1293 2989 1582 3058 stabilitur)

105 3079 236 3131 1035
280 3062 350 3115 Et
376 3061 485 3115 haec
508 3060 722 3134 quidem
747 3080 926 3115 aurum
962 3063 1158 3135 praebet
1195 3060 1250 3116 ὃ(
1291 3076 1575 3136 argentum,
1613 3077 1748 3121 terra

313 3154 336 3207 ἶ
368 3151 524 3215 Vulgo
560 3152 820 3212 Ρεηζγόὶάηἱιι,

643 3219 647 3224 ’
945 3208 985 3272 F
1021 3229 1047 3263 a
1693 3212 1848 3280 Dives
1874 3233 1897 3290 ᾗ
