2039 3495
227 104 344 150 102
609 74 1602 151 INTERPRETATIO.

348 183 609 253 Memphidis
633 182 841 236 excelsis
865 182 993 234 olim
1019 180 1379 253 pyramidibus
1407 181 1614 239 illustris

348 257 503 309 Stetit
529 254 692 320 Urbs,
737 260 869 307 Caira
895 273 1030 307 nunc
1055 272 1215 324 prope
1239 253 1390 306 illam

352 329 640 381 Habitatur
672 329 856 397 Magna,
898 323 1126 378 Praefeffi
1153 327 1363 379 Turcici
1390 327 1588 385 domus.

426 403 495 454 At
518 397 636 453 sane
665 398 879 471 quidem
904 396 974 449 ad
1009 397 1310 470 Zephyrum
1333 400 1385 451 in
1409 401 1614 457 Deltica
1642 417 1770 458 terra

219 496 308 542 525
352 473 481 526 Erat
504 471 779 526 delubrum
803 469 1002 522 celebre
1027 469 1272 543 Amyclaei
1295 474 1473 525 Canobi.

353 546 518 617 Prope
537 545 747 616 quidem
776 541 893 595 urbs
924 542 993 595 est
1020 542 1151 595 bene
1173 542 1402 608 condita,
1443 546 1495 599 &
1525 549 1804 601 etiamnum

352 622 562 673 Nomen
585 618 823 668 Alexandri
849 613 1152 668 Macedonis
1179 614 1358 668 sortita
1385 618 1454 671 est
1477 642 1488 670 :

353 692 469 744 Ubi
495 690 743 760 Sinopitae
770 688 911 756 Jovis
935 688 1111 758 magni
1132 688 1382 758 templum

354 767 494 818 Auro
521 758 740 832 pretioso
768 776 1039 812 ornatum:
1087 759 1247 812 Haud
1273 759 1428 814 facile
1456 762 1550 814 illo

219 858 314 908 530
351 834 638 907 Templum
667 835 795 886 inter
823 831 1053 885 homiues
1079 829 1300 885 divinius
1335 833 1479 886 aliud
1502 833 1672 888 videre
1701 854 1879 906 queas,

353 913 541 980 Neque
569 904 685 959 sane
712 924 857 975 aeque
885 904 1187 977 opulentam
1212 905 1369 958 aliam
1391 906 1569 960 urbem
1597 932 1607 960 :
1640 906 1760 960 Ubi
1783 906 1990 965 summae

355 984 648 1036 Cernuntur
678 975 894 1049 speculae
930 977 1160 1029 Pallenidis
1190 977 1436 1031 Idotheae.

425 1055 506 1106 Ex
533 1051 693 1104 altera
717 1066 890 1102 autem
916 1067 1064 1121 parte
1095 1049 1334 1113 Deltidis,
1385 1048 1531 1122 juxta
1554 1050 1731 1122 Ccfium
1751 1070 1996 1116 montem5⁸

357 1129 470 1178 Pelei
496 1122 749 1196 oppidum
776 1123 1086 1193 cognomine
1115 1124 1530 1192 maritimumque

217 1220 313 1269 535
357 1199 574 1271 Egregie
599 1195 940 1266 navigationis
970 1196 1115 1266 periti
1143 1195 1377 1247 homines
1398 1194 1710 1247 incolebant.

425 1269 579 1326 Talis
603 1265 812 1339 quidem
842 1267 1024 1339 Libyae
1050 1266 1237 1331 forma,
1274 1266 1593 1339 totidemque
1617 1267 1815 1340 populi.

785 1425 839 1491 C
888 1425 945 1488 A
994 1421 1059 1487 P.
1137 1424 1378 1491 XVIH.

605 1535 703 1599 De
741 1529 880 1617 Assae
898 1529 1273 1616 finibmfive
1303 1535 1593 1597 terminis.

358 1663 699 1767 DEi11ceps
725 1663 820 1715 tibi
845 1661 952 1732 Afiae
972 1659 1196 1712 narrabo
1225 1658 1463 1711 formam.

501 1737 619 1788 Dixi
659 1752 848 1798 autem,
889 1735 1106 1805 quinam
1132 1731 1321 1784 limites
1349 1730 1417 1782 ad
1451 1727 1610 1784 solem
1638 1729 1959 1784 occidentem

357 1807 442 1859 Ab
469 1807 676 1879 Europa
709 1808 983 1879 Libyaque
1015 1802 1206 1857 dividit
1234 1804 1427 1865 Afiam,

360 1878 496 1945 Quae
522 1879 590 1932 ad
617 1896 891 1952 utramque
931 1877 1090 1931 habet
1117 1875 1317 1947 aequale
1342 1876 1585 1928 ultimum
1610 1876 1875 1949 vestigium
1904 1898 1916 1927 r,

225 1974 323 2020 540
361 1951 465 2003 Sed
491 1952 559 2003 ad
590 1954 812 2006 Boream
834 1952 982 2003 limes
1011 1950 1081 2003 est
1109 1949 1279 2001 adhuc
1311 1949 1568 2013 incertus3

359 2024 514 2076 Illinc
534 2040 704 2077 autem
724 2026 898 2077 oceani
928 2019 1094 2076 cursus
1123 2020 1269 2074 limes
1298 2021 1377 2082 fit,

358 2098 597 2149 Orientalis
622 2098 674 2150 ὃ(
701 2098 892 2158 Indicam,
932 2094 1002 2149 ad
1025 2093 1159 2148 Solis
1191 2111 1358 2145 Ortum
1393 2116 1408 2157 3

360 2170 537 2222 Indum
557 2168 722 2222 rursus
749 2170 802 2222 &
829 2169 1083 2238 Erythraeam
1104 2165 1171 2220 ad
1201 2166 1331 2220 Noti
1360 2163 1604 2219 semitam.

836 2322 890 2388 C
941 2327 998 2392 A
1048 2323 1113 2389 P.
1199 2320 1391 2389 XIX.

330 2424 427 2486 De
452 2417 683 2508 Scythia
710 2414 790 2484 ὠ
818 2414 951 2480 aliu
984 2413 1323 2502 regionibns
1353 2416 1609 2501 amiqztia
1637 2416 1697 2476 in
1729 2409 1898 2475 hodea-

669 2531 814 2571 erm
855 2506 1146 2570 Tartaria
1173 2502 1558 2592 magnaſstia.

225 2685 318 2734 545
363 2665 463 2767 N
494 2665 613 2716 Unc
636 2659 851 2732 quidem
873 2674 1047 2729 gentes
1066 2674 1241 2708 omnes
1258 2674 1549 2727 percurram
1585 2655 1817 2708 Afiaticae
1841 2667 2005 2715 terraef

520 2738 653 2804 (Vos
674 2749 866 2793 autem,
883 2734 914 2783 o
936 2727 1115 2790 Musae,
1144 2728 1480 2781 recliffimum
1509 2728 1775 2798 vestigium
1804 2727 2001 2796 ducite)

362 2810 568 2879 Nempe
593 2804 836 2878 paludem
875 2803 1123 2854 Maeotidem
1147 2817 1308 2872 prope
1332 2799 1647 2852 habitabant

362 2882 749 2951 Ipfi'lxslaeotaeque
773 2877 821 2928 8<
854 2890 1028 2945 gentes
1056 2879 1455 2936 Sauromatarum,

359 2956 634 3004 Strenuum
655 2948 885 3001 bellicosi
911 2965 1069 3017 genus
1098 2946 1282 2997 Martis
1310 2968 1321 2996 :
1365 2947 1511 2997 Nam
1532 2963 1599 2996 ex
1623 2943 1716 2997 ino

227 3049 322 3094 550
360 3024 499 3079 Porti
527 3021 805 3075 concubitu
836 3018 1169 3076 Amazonidum
1207 3016 1366 3086 geniti
1395 3015 1528 3077 sunt,

265 3092 268 3095 ’
366 3098 491 3162 Qio
518 3095 643 3147 olim
664 3092 984 3148 sauromatis
1015 3108 1130 3141 cum
1152 3089 1272 3140 viris
1293 3088 1464 3141 mixtae
1490 3086 1625 3151 sunt,

366 3172 581 3240 Vagatae
604 3171 630 3220 e
660 3167 845 3237 patria,
885 3161 1065 3233 procul
1094 3162 1122 3212 ὲ
1149 3158 1562 3216 Thermodonte⁸

1828 3226 2003 3295 Quare
