<?xml version="1.0" encoding="UTF-8"?>
<!DOCTYPE html PUBLIC "-//W3C//DTD XHTML 1.0 Transitional//EN"
    "http://www.w3.org/TR/xhtml1/DTD/xhtml1-transitional.dtd">
<html xmlns="http://www.w3.org/1999/xhtml" xml:lang="en" lang="en">
 <head>
  <title>
</title>
<meta http-equiv="Content-Type" content="text/html;charset=utf-8" />
  <meta name='ocr-system' content='tesseract 3.04.00' />
  <meta name='ocr-capabilities' content='ocr_page ocr_carea ocr_par ocr_line ocrx_word'/>
</head>
<body>
  <div class='ocr_page' id='page_1' title='image "./tespalaikaitesny00dion_0145.png"; bbox 0 0 2034 3490; ppageno 0'>
   <div class='ocr_carea' id='block_1_1' title="bbox 433 37 1811 132">
    <p class='ocr_par' dir='ltr' id='par_1_1' title="bbox 433 37 1811 132">
     <span class='ocr_line' id='line_1_1' title="bbox 433 37 1811 132; baseline 0.004 -23"><span class='ocrx_word' id='word_1_1' title='bbox 433 37 1420 111; x_wconf 83' lang='lat' dir='ltr'><strong>INTERPRETATIO.</strong></span> <span class='ocrx_word' id='word_1_2' title='bbox 1688 64 1811 132; x_wconf 79' lang='lat'><strong>103</strong></span> 
     </span>
    </p>
   </div>
   <div class='ocr_carea' id='block_1_2' title="bbox 44 145 1834 3257">
    <p class='ocr_par' dir='ltr' id='par_1_2' title="bbox 46 145 1818 649">
     <span class='ocr_line' id='line_1_2' title="bbox 180 145 1348 218; baseline -0.003 -15"><span class='ocrx_word' id='word_1_3' title='bbox 180 149 359 216; x_wconf 78' lang='lat' dir='ltr'><strong>Qiare</strong></span> <span class='ocrx_word' id='word_1_4' title='bbox 384 150 543 202; x_wconf 87' lang='lat' dir='ltr'><strong>etiam</strong></span> <span class='ocrx_word' id='word_1_5' title='bbox 569 148 718 201; x_wconf 87' lang='lat' dir='ltr'><strong>liberi</strong></span> <span class='ocrx_word' id='word_1_6' title='bbox 745 146 1058 218; x_wconf 84' lang='lat' dir='ltr'><strong>magnanimi</strong></span> <span class='ocrx_word' id='word_1_7' title='bbox 1084 146 1193 198; x_wconf 89' lang='lat' dir='ltr'><strong>nati</strong></span> <span class='ocrx_word' id='word_1_8' title='bbox 1218 145 1348 211; x_wconf 89' lang='lat' dir='ltr'><strong>sunt,</strong></span> 
     </span>
     <span class='ocr_line' id='line_1_3' title="bbox 179 216 1641 293; baseline 0.001 -18"><span class='ocrx_word' id='word_1_9' title='bbox 179 222 396 293; x_wconf 85' lang='lat' dir='ltr'><strong>Sylvam</strong></span> <span class='ocrx_word' id='word_1_10' title='bbox 422 220 701 272; x_wconf 83' lang='lat' dir='ltr'><strong>incolentes</strong></span> <span class='ocrx_word' id='word_1_11' title='bbox 726 216 1023 272; x_wconf 83' lang='lat' dir='ltr'><strong>immensam</strong></span> <span class='ocrx_word' id='word_1_12' title='bbox 1040 244 1056 270; x_wconf 65' lang='grc' dir='ltr'>ς</span> <span class='ocrx_word' id='word_1_13' title='bbox 1099 217 1278 286; x_wconf 80' lang='lat' dir='ltr'><strong>Quam</strong></span> <span class='ocrx_word' id='word_1_14' title='bbox 1306 237 1394 290; x_wconf 90' lang='lat' dir='ltr'><strong>per</strong></span> <span class='ocrx_word' id='word_1_15' title='bbox 1420 221 1641 276; x_wconf 87' lang='lat' dir='ltr'><strong>mediam</strong></span> 
     </span>
     <span class='ocr_line' id='line_1_4' title="bbox 46 290 1420 365; baseline -0.004 -17"><span class='ocrx_word' id='word_1_16' title='bbox 46 315 135 365; x_wconf 73' lang='lat'><strong>555</strong></span> <span class='ocrx_word' id='word_1_17' title='bbox 178 293 399 347; x_wconf 84' lang='lat' dir='ltr'><strong>Volutus</strong></span> <span class='ocrx_word' id='word_1_18' title='bbox 427 298 592 343; x_wconf 78' lang='lat' dir='ltr'><strong>Tanais</strong></span> <span class='ocrx_word' id='word_1_19' title='bbox 621 290 884 344; x_wconf 85' lang='lat' dir='ltr'><strong>Maeotidis</strong></span> <span class='ocrx_word' id='word_1_20' title='bbox 921 290 969 341; x_wconf 90' lang='lat' dir='ltr'><strong>in</strong></span> <span class='ocrx_word' id='word_1_21' title='bbox 998 290 1177 342; x_wconf 88' lang='lat' dir='ltr'><strong>intima</strong></span> <span class='ocrx_word' id='word_1_22' title='bbox 1206 290 1420 354; x_wconf 87' lang='lat' dir='ltr'><strong>labitur,</strong></span> 
     </span>
     <span class='ocr_line' id='line_1_5' title="bbox 180 359 1607 435; baseline -0.001 -18"><span class='ocrx_word' id='word_1_23' title='bbox 180 366 290 435; x_wconf 82' lang='lat' dir='ltr'><strong>Qi</strong></span> <span class='ocrx_word' id='word_1_24' title='bbox 317 365 596 417; x_wconf 83' lang='lat' dir='ltr'><strong>etiamnum</strong></span> <span class='ocrx_word' id='word_1_25' title='bbox 628 363 890 433; x_wconf 83' lang='lat' dir='ltr'>Europam</span> <span class='ocrx_word' id='word_1_26' title='bbox 917 359 1174 414; x_wconf 81' lang='lat' dir='ltr'><strong>abscindit</strong></span> <span class='ocrx_word' id='word_1_27' title='bbox 1198 361 1267 415; x_wconf 92' lang='lat' dir='ltr'><strong>ab</strong></span> <span class='ocrx_word' id='word_1_28' title='bbox 1286 363 1404 415; x_wconf 83' lang='lat' dir='ltr'><strong>Asia</strong></span> <span class='ocrx_word' id='word_1_29' title='bbox 1432 378 1563 417; x_wconf 89' lang='lat' dir='ltr'><strong>terra</strong></span> <span class='ocrx_word' id='word_1_30' title='bbox 1588 390 1607 432; x_wconf 78' lang='lat'>3</span> 
     </span>
     <span class='ocr_line' id='line_1_6' title="bbox 181 432 1818 505; baseline 0 -15"><span class='ocrx_word' id='word_1_31' title='bbox 181 436 267 491; x_wconf 83' lang='lat' dir='ltr'><strong>Ad</strong></span> <span class='ocrx_word' id='word_1_32' title='bbox 291 433 542 498; x_wconf 87' lang='lat' dir='ltr'><strong>occasum,</strong></span> <span class='ocrx_word' id='word_1_33' title='bbox 580 435 839 505; x_wconf 78' lang='lat' dir='ltr'>Europam</span> <span class='ocrx_word' id='word_1_34' title='bbox 864 456 881 499; x_wconf 78' lang='lat'>5</span> <span class='ocrx_word' id='word_1_35' title='bbox 904 432 973 485; x_wconf 90' lang='lat' dir='ltr'><strong>ad</strong></span> <span class='ocrx_word' id='word_1_36' title='bbox 1000 449 1171 487; x_wconf 89' lang='lat' dir='ltr'><strong>ortum</strong></span> <span class='ocrx_word' id='word_1_37' title='bbox 1199 449 1384 497; x_wconf 91' lang='lat' dir='ltr'><strong>autem,</strong></span> <span class='ocrx_word' id='word_1_38' title='bbox 1414 437 1585 490; x_wconf 71' lang='lat' dir='ltr'><strong>Asiam</strong></span> <span class='ocrx_word' id='word_1_39' title='bbox 1611 451 1818 493; x_wconf 54' lang='lat' dir='ltr'><strong>terram,</strong></span> 
     </span>
     <span class='ocr_line' id='line_1_7' title="bbox 253 505 1721 577; baseline -0.001 -15"><span class='ocrx_word' id='word_1_40' title='bbox 253 512 585 563; x_wconf 78' lang='lat' dir='ltr'>Sauromatas</span> <span class='ocrx_word' id='word_1_41' title='bbox 631 524 751 558; x_wconf 90' lang='lat' dir='ltr'><strong>vero</strong></span> <span class='ocrx_word' id='word_1_42' title='bbox 776 505 1039 576; x_wconf 84' lang='lat' dir='ltr'><strong>excipiunt</strong></span> <span class='ocrx_word' id='word_1_43' title='bbox 1064 507 1151 577; x_wconf 89' lang='lat' dir='ltr'><strong>qui</strong></span> <span class='ocrx_word' id='word_1_44' title='bbox 1180 506 1344 577; x_wconf 80' lang='lat' dir='ltr'><strong>magis</strong></span> <span class='ocrx_word' id='word_1_45' title='bbox 1370 506 1582 561; x_wconf 87' lang='lat' dir='ltr'><strong>conferti</strong></span> <span class='ocrx_word' id='word_1_46' title='bbox 1608 506 1721 560; x_wconf 90' lang='lat' dir='ltr'><strong>sunt</strong></span> 
     </span>
     <span class='ocr_line' id='line_1_8' title="bbox 180 577 1369 649; baseline -0.003 -16"><span class='ocrx_word' id='word_1_47' title='bbox 180 582 324 644; x_wconf 83' lang='lat' dir='ltr'><strong>Sindi,</strong></span> <span class='ocrx_word' id='word_1_48' title='bbox 363 583 689 649; x_wconf 81' lang='lat' dir='ltr'><strong>Cimmeriique,</strong></span> <span class='ocrx_word' id='word_1_49' title='bbox 725 577 777 628; x_wconf 70' lang='grc' dir='ltr'>ἃ</span> <span class='ocrx_word' id='word_1_50' title='bbox 807 578 898 647; x_wconf 89' lang='lat' dir='ltr'><strong>qui</strong></span> <span class='ocrx_word' id='word_1_51' title='bbox 926 595 1085 648; x_wconf 87' lang='lat' dir='ltr'><strong>prope</strong></span> <span class='ocrx_word' id='word_1_52' title='bbox 1111 578 1369 632; x_wconf 78' lang='lat' dir='ltr'><strong>Euxinum</strong></span> 
     </span>
    </p>

    <p class='ocr_par' dir='ltr' id='par_1_3' title="bbox 46 649 1392 866">
     <span class='ocr_line' id='line_1_9' title="bbox 46 649 1269 726; baseline -0.005 -19"><span class='ocrx_word' id='word_1_53' title='bbox 46 666 139 726; x_wconf 81' lang='lat'><strong>560</strong></span> <span class='ocrx_word' id='word_1_54' title='bbox 176 657 460 723; x_wconf 73' lang='lat' dir='ltr'><strong>Cercetiique,</strong></span> <span class='ocrx_word' id='word_1_55' title='bbox 498 656 745 719; x_wconf 77' lang='lat' dir='ltr'><strong>Oretaeque‚</strong></span> <span class='ocrx_word' id='word_1_56' title='bbox 790 649 842 701; x_wconf 86' lang='lat'>&amp;</span> <span class='ocrx_word' id='word_1_57' title='bbox 876 649 1060 701; x_wconf 87' lang='lat' dir='ltr'><strong>strenui</strong></span> <span class='ocrx_word' id='word_1_58' title='bbox 1089 652 1269 717; x_wconf 75' lang='lat' dir='ltr'><strong>Achaei5</strong></span> 
     </span>
     <span class='ocr_line' id='line_1_10' title="bbox 179 719 1320 795; baseline -0.002 -19"><span class='ocrx_word' id='word_1_59' title='bbox 179 725 328 795; x_wconf 76' lang='lat' dir='ltr'><strong>Qios</strong></span> <span class='ocrx_word' id='word_1_60' title='bbox 354 722 480 775; x_wconf 89' lang='lat' dir='ltr'><strong>olim</strong></span> <span class='ocrx_word' id='word_1_61' title='bbox 509 725 535 772; x_wconf 77' lang='grc' dir='ltr'>ὲ</span> <span class='ocrx_word' id='word_1_62' title='bbox 562 719 781 774; x_wconf 80' lang='lat' dir='ltr'><strong>Xantho</strong></span> <span class='ocrx_word' id='word_1_63' title='bbox 818 722 870 773; x_wconf 89' lang='lat'>&amp;</span> <span class='ocrx_word' id='word_1_64' title='bbox 899 719 1038 772; x_wconf 89' lang='lat' dir='ltr'><strong>Idaeo</strong></span> <span class='ocrx_word' id='word_1_65' title='bbox 1058 722 1320 774; x_wconf 85' lang='lat' dir='ltr'><strong>Simo&#39;e&#39;nte</strong></span> 
     </span>
     <span class='ocr_line' id='line_1_11' title="bbox 181 792 1392 866; baseline -0.002 -17"><span class='ocrx_word' id='word_1_66' title='bbox 181 797 358 849; x_wconf 83' lang='lat' dir='ltr'><strong>Flatus</strong></span> <span class='ocrx_word' id='word_1_67' title='bbox 380 792 705 846; x_wconf 79' lang='lat' dir='ltr'><strong>abduxerunt</strong></span> <span class='ocrx_word' id='word_1_68' title='bbox 729 793 1004 863; x_wconf 88' lang='lat' dir='ltr'><strong>Austrique</strong></span> <span class='ocrx_word' id='word_1_69' title='bbox 1025 794 1076 846; x_wconf 84' lang='lat'>&amp;</span> <span class='ocrx_word' id='word_1_70' title='bbox 1100 794 1392 866; x_wconf 87' lang='lat' dir='ltr'><strong>Aquilonis,</strong></span> 
     </span>
    </p>

    <p class='ocr_par' dir='ltr' id='par_1_4' title="bbox 45 863 1819 1370">
     <span class='ocr_line' id='line_1_12' title="bbox 181 863 1819 940; baseline 0 -19"><span class='ocrx_word' id='word_1_71' title='bbox 181 871 460 938; x_wconf 89' lang='lat' dir='ltr'><strong>Sequentes</strong></span> <span class='ocrx_word' id='word_1_72' title='bbox 481 864 551 917; x_wconf 88' lang='lat' dir='ltr'><strong>ad</strong></span> <span class='ocrx_word' id='word_1_73' title='bbox 574 863 774 916; x_wconf 89' lang='lat' dir='ltr'><strong>bellum</strong></span> <span class='ocrx_word' id='word_1_74' title='bbox 795 866 978 916; x_wconf 89' lang='lat' dir='ltr'><strong>martia</strong></span> <span class='ocrx_word' id='word_1_75' title='bbox 998 863 1304 919; x_wconf 88' lang='lat' dir='ltr'><strong>fortitudine</strong></span> <span class='ocrx_word' id='word_1_76' title='bbox 1315 865 1588 938; x_wconf 86' lang='lat' dir='ltr'><strong>praeditum</strong></span> <span class='ocrx_word' id='word_1_77' title='bbox 1608 868 1819 940; x_wconf 81' lang='lat' dir='ltr'><strong>Regem.</strong></span> 
     </span>
     <span class='ocr_line' id='line_1_13' title="bbox 184 935 1672 992; baseline 0 0"><span class='ocrx_word' id='word_1_78' title='bbox 184 940 300 992; x_wconf 89' lang='lat' dir='ltr'><strong>Post</strong></span> <span class='ocrx_word' id='word_1_79' title='bbox 327 938 420 990; x_wconf 88' lang='lat' dir='ltr'><strong>hos</strong></span> <span class='ocrx_word' id='word_1_80' title='bbox 449 952 618 990; x_wconf 86' lang='lat' dir='ltr'><strong>autem</strong></span> <span class='ocrx_word' id='word_1_81' title='bbox 642 935 953 988; x_wconf 77' lang='lat' dir='ltr'><strong>habitabant</strong></span> <span class='ocrx_word' id='word_1_82' title='bbox 977 938 1199 990; x_wconf 86' lang='lat' dir='ltr'><strong>vicinam</strong></span> <span class='ocrx_word' id='word_1_83' title='bbox 1227 955 1413 991; x_wconf 88' lang='lat' dir='ltr'><strong>terram</strong></span> <span class='ocrx_word' id='word_1_84' title='bbox 1447 955 1672 992; x_wconf 87' lang='lat' dir='ltr'><strong>tenentes</strong></span> 
     </span>
     <span class='ocr_line' id='line_1_14' title="bbox 45 1006 1352 1081; baseline -0.004 -15"><span class='ocrx_word' id='word_1_85' title='bbox 45 1023 133 1081; x_wconf 83' lang='lat'><strong>565</strong></span> <span class='ocrx_word' id='word_1_86' title='bbox 180 1012 405 1072; x_wconf 78' lang='lat' dir='ltr'><strong>Heniochi,</strong></span> <span class='ocrx_word' id='word_1_87' title='bbox 445 1014 662 1080; x_wconf 81' lang='lat' dir='ltr'><strong>Zygiique</strong></span> <span class='ocrx_word' id='word_1_88' title='bbox 689 1006 947 1079; x_wconf 81' lang='lat' dir='ltr'><strong>Pelasgica</strong></span> <span class='ocrx_word' id='word_1_89' title='bbox 974 1009 1176 1063; x_wconf 89' lang='lat' dir='ltr'><strong>oriundi</strong></span> <span class='ocrx_word' id='word_1_90' title='bbox 1203 1025 1352 1062; x_wconf 86' lang='lat' dir='ltr'><strong>terra.</strong></span> 
     </span>
     <span class='ocr_line' id='line_1_15' title="bbox 252 1078 1536 1152; baseline 0.001 -17"><span class='ocrx_word' id='word_1_91' title='bbox 252 1084 504 1152; x_wconf 86' lang='lat' dir='ltr'><strong>Deinceps</strong></span> <span class='ocrx_word' id='word_1_92' title='bbox 533 1082 563 1116; x_wconf 84' lang='grc'>*</span> <span class='ocrx_word' id='word_1_93' title='bbox 608 1082 726 1132; x_wconf 67' lang='lat' dir='ltr'><strong>Rkaz·</strong></span> <span class='ocrx_word' id='word_1_94' title='bbox 752 1078 1043 1134; x_wconf 89' lang='lat' dir='ltr'><strong>devolvitur</strong></span> <span class='ocrx_word' id='word_1_95' title='bbox 1078 1082 1244 1136; x_wconf 88' lang='lat' dir='ltr'><strong>altum</strong></span> <span class='ocrx_word' id='word_1_96' title='bbox 1273 1083 1536 1136; x_wconf 84' lang='lat' dir='ltr'><strong>fluentum.</strong></span> 
     </span>
     <span class='ocr_line' id='line_1_16' title="bbox 177 1151 1276 1227; baseline -0.002 -18"><span class='ocrx_word' id='word_1_97' title='bbox 177 1153 340 1220; x_wconf 69' lang='lat' dir='ltr'><strong>Huius</strong></span> <span class='ocrx_word' id='word_1_98' title='bbox 358 1151 568 1225; x_wconf 85' lang='lat' dir='ltr'><strong>quidem</strong></span> <span class='ocrx_word' id='word_1_99' title='bbox 592 1151 758 1205; x_wconf 84' lang='lat' dir='ltr'><strong>fontes</strong></span> <span class='ocrx_word' id='word_1_100' title='bbox 788 1154 838 1204; x_wconf 92' lang='lat' dir='ltr'><strong>in</strong></span> <span class='ocrx_word' id='word_1_101' title='bbox 866 1167 997 1206; x_wconf 89' lang='lat' dir='ltr'><strong>terra</strong></span> <span class='ocrx_word' id='word_1_102' title='bbox 1023 1154 1276 1227; x_wconf 85' lang='lat' dir='ltr'><strong>Europaea</strong></span> 
     </span>
     <span class='ocr_line' id='line_1_17' title="bbox 176 1220 1482 1290; baseline -0.001 -11"><span class='ocrx_word' id='word_1_103' title='bbox 176 1220 361 1279; x_wconf 79' lang='lat' dir='ltr'><strong>Procul</strong></span> <span class='ocrx_word' id='word_1_104' title='bbox 394 1239 710 1278; x_wconf 84' lang='lat' dir='ltr'><strong>murmurant</strong></span> <span class='ocrx_word' id='word_1_105' title='bbox 737 1246 754 1290; x_wconf 77' lang='lat'><em>3</em></span> <span class='ocrx_word' id='word_1_106' title='bbox 793 1225 966 1277; x_wconf 87' lang='lat' dir='ltr'><strong>vastus</strong></span> <span class='ocrx_word' id='word_1_107' title='bbox 1006 1243 1179 1279; x_wconf 83' lang='lat' dir='ltr'><strong>autem</strong></span> <span class='ocrx_word' id='word_1_108' title='bbox 1212 1227 1331 1279; x_wconf 91' lang='lat' dir='ltr'><strong>hinc</strong></span> <span class='ocrx_word' id='word_1_109' title='bbox 1361 1227 1482 1279; x_wconf 90' lang='lat' dir='ltr'><strong>inde</strong></span> 
     </span>
     <span class='ocr_line' id='line_1_18' title="bbox 181 1292 1341 1370; baseline 0 -19"><span class='ocrx_word' id='word_1_110' title='bbox 181 1299 428 1352; x_wconf 87' lang='lat' dir='ltr'><strong>Concitus</strong></span> <span class='ocrx_word' id='word_1_111' title='bbox 456 1297 721 1369; x_wconf 89' lang='lat' dir='ltr'><strong>Scythicos</strong></span> <span class='ocrx_word' id='word_1_112' title='bbox 748 1297 902 1349; x_wconf 91' lang='lat' dir='ltr'><strong>currit</strong></span> <span class='ocrx_word' id='word_1_113' title='bbox 928 1292 1078 1369; x_wconf 88' lang='lat' dir='ltr'><strong>super</strong></span> <span class='ocrx_word' id='word_1_114' title='bbox 1113 1317 1341 1370; x_wconf 86' lang='lat' dir='ltr'><strong>campos,</strong></span> 
     </span>
    </p>

    <p class='ocr_par' dir='ltr' id='par_1_5' title="bbox 45 1369 1567 1442">
     <span class='ocr_line' id='line_1_19' title="bbox 45 1369 1567 1442; baseline 0.001 -17"><span class='ocrx_word' id='word_1_115' title='bbox 45 1392 141 1439; x_wconf 80' lang='lat'><strong>570</strong></span> <span class='ocrx_word' id='word_1_116' title='bbox 187 1371 255 1423; x_wconf 86' lang='lat' dir='ltr'><strong>Et</strong></span> <span class='ocrx_word' id='word_1_117' title='bbox 285 1373 336 1422; x_wconf 89' lang='lat' dir='ltr'><strong>in</strong></span> <span class='ocrx_word' id='word_1_118' title='bbox 366 1388 505 1422; x_wconf 80' lang='lat' dir='ltr'><strong>mare</strong></span> <span class='ocrx_word' id='word_1_119' title='bbox 531 1370 734 1442; x_wconf 75' lang='lat' dir='ltr'><strong>Caspium</strong></span> <span class='ocrx_word' id='word_1_120' title='bbox 760 1369 990 1421; x_wconf 83' lang='lat' dir='ltr'><strong>immittit</strong></span> <span class='ocrx_word' id='word_1_121' title='bbox 1015 1370 1313 1423; x_wconf 86' lang='lat' dir='ltr'><strong>immensam</strong></span> <span class='ocrx_word' id='word_1_122' title='bbox 1353 1389 1567 1442; x_wconf 85' lang='lat' dir='ltr'><strong>aquam.</strong></span> 
     </span>
    </p>

    <p class='ocr_par' dir='ltr' id='par_1_6' title="bbox 180 1438 1670 1587">
     <span class='ocr_line' id='line_1_20' title="bbox 186 1438 1670 1516; baseline 0.001 -20"><span class='ocrx_word' id='word_1_123' title='bbox 186 1441 350 1515; x_wconf 88' lang='lat' dir='ltr'><strong>Hujus</strong></span> <span class='ocrx_word' id='word_1_124' title='bbox 384 1439 596 1513; x_wconf 90' lang='lat' dir='ltr'><strong>quidem</strong></span> <span class='ocrx_word' id='word_1_125' title='bbox 624 1438 769 1511; x_wconf 85' lang='lat' dir='ltr'><strong>super</strong></span> <span class='ocrx_word' id='word_1_126' title='bbox 790 1441 920 1492; x_wconf 84' lang='lat' dir='ltr'><strong>ostia</strong></span> <span class='ocrx_word' id='word_1_127' title='bbox 942 1444 1212 1511; x_wconf 73' lang='lat' dir='ltr'><strong>Scytharum</strong></span> <span class='ocrx_word' id='word_1_128' title='bbox 1231 1463 1388 1516; x_wconf 81' lang='lat' dir='ltr'><strong>genus</strong></span> <span class='ocrx_word' id='word_1_129' title='bbox 1410 1445 1670 1497; x_wconf 89' lang='lat' dir='ltr'><strong>infinitum</strong></span> 
     </span>
     <span class='ocr_line' id='line_1_21' title="bbox 180 1512 1635 1587; baseline 0.001 -20"><span class='ocrx_word' id='word_1_130' title='bbox 180 1516 317 1577; x_wconf 82' lang='lat' dir='ltr'><strong>Fuit,</strong></span> <span class='ocrx_word' id='word_1_131' title='bbox 364 1532 584 1585; x_wconf 88' lang='lat' dir='ltr'><strong>quorum</strong></span> <span class='ocrx_word' id='word_1_132' title='bbox 612 1532 715 1564; x_wconf 90' lang='lat' dir='ltr'><strong>non</strong></span> <span class='ocrx_word' id='word_1_133' title='bbox 756 1514 930 1565; x_wconf 88' lang='lat' dir='ltr'><strong>omnia</strong></span> <span class='ocrx_word' id='word_1_134' title='bbox 958 1516 1167 1567; x_wconf 87' lang='lat' dir='ltr'><strong>nomina</strong></span> <span class='ocrx_word' id='word_1_135' title='bbox 1195 1512 1393 1587; x_wconf 73' lang='lat' dir='ltr'><strong>possum</strong></span> <span class='ocrx_word' id='word_1_136' title='bbox 1420 1515 1635 1569; x_wconf 89' lang='lat' dir='ltr'><strong>edicere.</strong></span> 
     </span>
    </p>

    <p class='ocr_par' dir='ltr' id='par_1_7' title="bbox 180 1585 1822 1732">
     <span class='ocr_line' id='line_1_22' title="bbox 254 1585 1822 1650; baseline -0.001 -11"><span class='ocrx_word' id='word_1_137' title='bbox 254 1587 370 1639; x_wconf 91' lang='lat' dir='ltr'><strong>Post</strong></span> <span class='ocrx_word' id='word_1_138' title='bbox 389 1586 482 1637; x_wconf 88' lang='lat' dir='ltr'><strong>hos</strong></span> <span class='ocrx_word' id='word_1_139' title='bbox 499 1601 686 1647; x_wconf 90' lang='lat' dir='ltr'><strong>autem,</strong></span> <span class='ocrx_word' id='word_1_140' title='bbox 714 1587 909 1638; x_wconf 68' lang='lat' dir='ltr'><strong>oriente</strong></span> <span class='ocrx_word' id='word_1_141' title='bbox 922 1585 1103 1650; x_wconf 84' lang='lat' dir='ltr'><strong>versus,</strong></span> <span class='ocrx_word' id='word_1_142' title='bbox 1128 1603 1268 1642; x_wconf 83' lang='lat' dir='ltr'><strong>trans</strong></span> <span class='ocrx_word' id='word_1_143' title='bbox 1283 1585 1603 1642; x_wconf 84' lang='lat' dir='ltr'><strong>resonantem</strong></span> <span class='ocrx_word' id='word_1_144' title='bbox 1624 1592 1822 1640; x_wconf 65' lang='lat' dir='ltr'><strong>Aratrem</strong></span> 
     </span>
     <span class='ocr_line' id='line_1_23' title="bbox 180 1656 1679 1732; baseline 0.002 -22"><span class='ocrx_word' id='word_1_145' title='bbox 180 1658 433 1731; x_wconf 72' lang='lat' dir='ltr'><strong>Maffizgetae</strong></span> <span class='ocrx_word' id='word_1_146' title='bbox 460 1656 742 1728; x_wconf 79' lang='lat' dir='ltr'><strong>degebant,</strong></span> <span class='ocrx_word' id='word_1_147' title='bbox 783 1657 1037 1711; x_wconf 82' lang='lat' dir='ltr'><strong>velocium</strong></span> <span class='ocrx_word' id='word_1_148' title='bbox 1064 1658 1318 1713; x_wconf 73' lang='lat' dir='ltr'><strong>emissores</strong></span> <span class='ocrx_word' id='word_1_149' title='bbox 1337 1662 1679 1732; x_wconf 76' lang='lat' dir='ltr'><strong>Sagittarum,</strong></span> 
     </span>
    </p>

    <p class='ocr_par' dir='ltr' id='par_1_8' title="bbox 44 1728 1818 1946">
     <span class='ocr_line' id='line_1_24' title="bbox 44 1728 1703 1805; baseline 0.006 -27"><span class='ocrx_word' id='word_1_150' title='bbox 44 1750 136 1797; x_wconf 76' lang='lat'><strong>575</strong></span> <span class='ocrx_word' id='word_1_151' title='bbox 182 1731 295 1783; x_wconf 80' lang='lat' dir='ltr'><strong>Viri</strong></span> <span class='ocrx_word' id='word_1_152' title='bbox 324 1728 510 1801; x_wconf 86' lang='lat' dir='ltr'><strong>quibus</strong></span> <span class='ocrx_word' id='word_1_153' title='bbox 547 1749 639 1781; x_wconf 89' lang='lat' dir='ltr'><strong>nec</strong></span> <span class='ocrx_word' id='word_1_154' title='bbox 672 1729 910 1801; x_wconf 76' lang='lat' dir='ltr'><strong>Egomet,</strong></span> <span class='ocrx_word' id='word_1_155' title='bbox 947 1749 1108 1801; x_wconf 88' lang='lat' dir='ltr'><strong>neque</strong></span> <span class='ocrx_word' id='word_1_156' title='bbox 1129 1731 1361 1805; x_wconf 89' lang='lat' dir='ltr'><strong>quisquis</strong></span> <span class='ocrx_word' id='word_1_157' title='bbox 1390 1730 1461 1786; x_wconf 86' lang='lat' dir='ltr'><strong>est</strong></span> <span class='ocrx_word' id='word_1_158' title='bbox 1494 1730 1703 1796; x_wconf 87' lang='lat' dir='ltr'><strong>sodalis,</strong></span> 
     </span>
     <span class='ocr_line' id='line_1_25' title="bbox 178 1801 1818 1878; baseline 0.002 -23"><span class='ocrx_word' id='word_1_159' title='bbox 178 1802 645 1875; x_wconf 76' lang='lat' dir='ltr'><strong>Approquinquet3</strong></span> <span class='ocrx_word' id='word_1_160' title='bbox 673 1801 837 1853; x_wconf 85' lang='lat' dir='ltr'><strong>multo</strong></span> <span class='ocrx_word' id='word_1_161' title='bbox 860 1804 1512 1878; x_wconf 84' lang='lat' dir='ltr'><strong>namqueinhospitaliores</strong></span> <span class='ocrx_word' id='word_1_162' title='bbox 1530 1803 1642 1859; x_wconf 88' lang='lat' dir='ltr'><strong>sunt</strong></span> <span class='ocrx_word' id='word_1_163' title='bbox 1664 1807 1777 1859; x_wconf 81' lang='lat' dir='ltr'><strong>aliis</strong></span> <span class='ocrx_word' id='word_1_164' title='bbox 1806 1833 1818 1860; x_wconf 77' lang='lat'>;</span> 
     </span>
     <span class='ocr_line' id='line_1_26' title="bbox 181 1872 1444 1946; baseline 0.002 -18"><span class='ocrx_word' id='word_1_165' title='bbox 181 1879 369 1946; x_wconf 87' lang='lat' dir='ltr'><strong>Neque</strong></span> <span class='ocrx_word' id='word_1_166' title='bbox 388 1875 524 1926; x_wconf 89' lang='lat' dir='ltr'><strong>enim</strong></span> <span class='ocrx_word' id='word_1_167' title='bbox 555 1874 670 1945; x_wconf 86' lang='lat' dir='ltr'><strong>ipfis</strong></span> <span class='ocrx_word' id='word_1_168' title='bbox 696 1872 862 1926; x_wconf 84' lang='lat' dir='ltr'><strong>suavis</strong></span> <span class='ocrx_word' id='word_1_169' title='bbox 888 1873 1132 1929; x_wconf 85' lang='lat' dir='ltr'><strong>frumenti</strong></span> <span class='ocrx_word' id='word_1_170' title='bbox 1161 1879 1231 1932; x_wconf 88' lang='lat' dir='ltr'><strong>est</strong></span> <span class='ocrx_word' id='word_1_171' title='bbox 1276 1877 1444 1941; x_wconf 84' lang='lat' dir='ltr'><strong>cibus,</strong></span> 
     </span>
    </p>

    <p class='ocr_par' dir='ltr' id='par_1_9' title="bbox 179 1944 1773 2096">
     <span class='ocr_line' id='line_1_27' title="bbox 179 1944 1531 2020; baseline 0.002 -20"><span class='ocrx_word' id='word_1_172' title='bbox 179 1950 370 2018; x_wconf 87' lang='lat' dir='ltr'><strong>Neque</strong></span> <span class='ocrx_word' id='word_1_173' title='bbox 411 1944 534 1998; x_wconf 85' lang='lat' dir='ltr'><strong>sane</strong></span> <span class='ocrx_word' id='word_1_174' title='bbox 575 1946 752 1998; x_wconf 86' lang='lat' dir='ltr'><strong>vinum</strong></span> <span class='ocrx_word' id='word_1_175' title='bbox 780 1946 1078 2018; x_wconf 83' lang='lat' dir='ltr'><strong>indigenum</strong></span> <span class='ocrx_word' id='word_1_176' title='bbox 1107 1974 1123 2016; x_wconf 74' lang='lat'>5</span> <span class='ocrx_word' id='word_1_177' title='bbox 1164 1948 1252 2003; x_wconf 87' lang='lat' dir='ltr'><strong>sed</strong></span> <span class='ocrx_word' id='word_1_178' title='bbox 1279 1968 1531 2020; x_wconf 87' lang='lat' dir='ltr'><strong>equorum</strong></span> 
     </span>
     <span class='ocr_line' id='line_1_28' title="bbox 179 2015 1773 2096; baseline 0.001 -23"><span class='ocrx_word' id='word_1_179' title='bbox 179 2019 427 2089; x_wconf 84' lang='lat' dir='ltr'><strong>Sanguini</strong></span> <span class='ocrx_word' id='word_1_180' title='bbox 450 2015 717 2071; x_wconf 86' lang='lat' dir='ltr'><strong>miscentes</strong></span> <span class='ocrx_word' id='word_1_181' title='bbox 742 2019 1025 2073; x_wconf 85' lang='lat' dir='ltr'><strong>candidum</strong></span> <span class='ocrx_word' id='word_1_182' title='bbox 1056 2019 1157 2087; x_wconf 91' lang='lat' dir='ltr'><strong>lac,</strong></span> <span class='ocrx_word' id='word_1_183' title='bbox 1205 2023 1388 2096; x_wconf 84' lang='lat' dir='ltr'><strong>epulas</strong></span> <span class='ocrx_word' id='word_1_184' title='bbox 1413 2020 1773 2096; x_wconf 84' lang='lat' dir='ltr'><strong>apposuerunt.</strong></span> 
     </span>
    </p>

    <p class='ocr_par' dir='ltr' id='par_1_10' title="bbox 46 2092 1825 2310">
     <span class='ocr_line' id='line_1_29' title="bbox 46 2092 1825 2167; baseline 0 -22"><span class='ocrx_word' id='word_1_185' title='bbox 46 2096 144 2162; x_wconf 68' lang='lat'><strong>530</strong></span> <span class='ocrx_word' id='word_1_186' title='bbox 253 2094 366 2143; x_wconf 89' lang='lat' dir='ltr'><strong>Hos</strong></span> <span class='ocrx_word' id='word_1_187' title='bbox 393 2107 564 2144; x_wconf 86' lang='lat' dir='ltr'><strong>autem</strong></span> <span class='ocrx_word' id='word_1_188' title='bbox 588 2092 719 2162; x_wconf 88' lang='lat' dir='ltr'><strong>post,</strong></span> <span class='ocrx_word' id='word_1_189' title='bbox 746 2092 815 2144; x_wconf 89' lang='lat' dir='ltr'><strong>ad</strong></span> <span class='ocrx_word' id='word_1_190' title='bbox 845 2093 1086 2157; x_wconf 85' lang='lat' dir='ltr'><strong>Boream,</strong></span> <span class='ocrx_word' id='word_1_191' title='bbox 1119 2095 1360 2167; x_wconf 72' lang='lat' dir='ltr'><strong>Chorasmn‘</strong></span> <span class='ocrx_word' id='word_1_192' title='bbox 1381 2119 1392 2147; x_wconf 72' lang='grc' dir='ltr'><em>ι</em></span> <span class='ocrx_word' id='word_1_193' title='bbox 1416 2097 1527 2167; x_wconf 80' lang='lat' dir='ltr'><strong>post</strong></span> <span class='ocrx_word' id='word_1_194' title='bbox 1543 2115 1672 2167; x_wconf 83' lang='lat' dir='ltr'><strong>quos</strong></span> <span class='ocrx_word' id='word_1_195' title='bbox 1697 2111 1825 2147; x_wconf 76' lang='lat' dir='ltr'><strong>terra</strong></span> 
     </span>
     <span class='ocr_line' id='line_1_30' title="bbox 181 2159 1741 2234; baseline 0.003 -20"><span class='ocrx_word' id='word_1_196' title='bbox 181 2164 418 2234; x_wconf 72' lang='lat' dir='ltr'><strong>Sogdiana,</strong></span> <span class='ocrx_word' id='word_1_197' title='bbox 454 2159 592 2231; x_wconf 84' lang='lat' dir='ltr'><strong>cujus</strong></span> <span class='ocrx_word' id='word_1_198' title='bbox 610 2180 698 2234; x_wconf 87' lang='lat' dir='ltr'><strong>per</strong></span> <span class='ocrx_word' id='word_1_199' title='bbox 720 2163 946 2218; x_wconf 88' lang='lat' dir='ltr'><strong>medium</strong></span> <span class='ocrx_word' id='word_1_200' title='bbox 966 2164 1191 2221; x_wconf 85' lang='lat' dir='ltr'><strong>volvitur</strong></span> <span class='ocrx_word' id='word_1_201' title='bbox 1218 2165 1359 2221; x_wconf 85' lang='lat' dir='ltr'><strong>sacer</strong></span> <span class='ocrx_word' id='word_1_202' title='bbox 1387 2175 1520 2232; x_wconf 75' lang='lat' dir='ltr'><strong>Oxm,</strong></span> <span class='ocrx_word' id='word_1_203' title='bbox 1738 2190 1741 2191; x_wconf 43' lang='lat'><em>⁷</em></span> 
     </span>
     <span class='ocr_line' id='line_1_31' title="bbox 181 2234 1680 2310; baseline 0.004 -24"><span class='ocrx_word' id='word_1_204' title='bbox 181 2236 290 2300; x_wconf 75' lang='lat' dir='ltr'><strong>Qui</strong></span> <span class='ocrx_word' id='word_1_205' title='bbox 317 2234 553 2307; x_wconf 84' lang='lat' dir='ltr'><strong>linquens</strong></span> <span class='ocrx_word' id='word_1_206' title='bbox 576 2236 792 2287; x_wconf 83' lang='lat' dir='ltr'><strong>Emodum</strong></span> <span class='ocrx_word' id='word_1_207' title='bbox 821 2254 1070 2302; x_wconf 86' lang='lat' dir='ltr'><strong>montem,</strong></span> <span class='ocrx_word' id='word_1_208' title='bbox 1114 2242 1165 2292; x_wconf 91' lang='lat' dir='ltr'><strong>in</strong></span> <span class='ocrx_word' id='word_1_209' title='bbox 1196 2238 1444 2310; x_wconf 88' lang='lat' dir='ltr'><strong>Caspium</strong></span> <span class='ocrx_word' id='word_1_210' title='bbox 1470 2239 1680 2294; x_wconf 83' lang='lat' dir='ltr'><strong>labitur.</strong></span> 
     </span>
    </p>

    <p class='ocr_par' dir='ltr' id='par_1_11' title="bbox 45 2307 1834 3257">
     <span class='ocr_line' id='line_1_32' title="bbox 255 2307 1429 2384; baseline 0.003 -24"><span class='ocrx_word' id='word_1_211' title='bbox 255 2307 372 2360; x_wconf 88' lang='lat' dir='ltr'><strong>Post</strong></span> <span class='ocrx_word' id='word_1_212' title='bbox 399 2326 571 2379; x_wconf 91' lang='lat' dir='ltr'><strong>quem,</strong></span> <span class='ocrx_word' id='word_1_213' title='bbox 601 2307 668 2360; x_wconf 83' lang='lat' dir='ltr'><strong>ad</strong></span> <span class='ocrx_word' id='word_1_214' title='bbox 697 2308 891 2362; x_wconf 74' lang='lat' dir='ltr'><strong>fluenta</strong></span> <span class='ocrx_word' id='word_1_215' title='bbox 915 2315 1126 2363; x_wconf 49' lang='lat' dir='ltr'><strong>Iaxartae</strong></span> <span class='ocrx_word' id='word_1_216' title='bbox 1166 2312 1429 2384; x_wconf 80' lang='lat' dir='ltr'><strong>degebant</strong></span> 
     </span>
     <span class='ocr_line' id='line_1_33' title="bbox 178 2379 1707 2457; baseline 0.003 -25"><span class='ocrx_word' id='word_1_217' title='bbox 178 2381 337 2432; x_wconf 85' lang='lat' dir='ltr'><strong>Arcus</strong></span> <span class='ocrx_word' id='word_1_218' title='bbox 362 2386 485 2431; x_wconf 75' lang='lat' dir='ltr'><strong>Sacae</strong></span> <span class='ocrx_word' id='word_1_219' title='bbox 521 2379 794 2450; x_wconf 79' lang='lat' dir='ltr'><strong>gestanteS,</strong></span> <span class='ocrx_word' id='word_1_220' title='bbox 834 2401 964 2453; x_wconf 89' lang='lat' dir='ltr'><strong>quos</strong></span> <span class='ocrx_word' id='word_1_221' title='bbox 993 2402 1144 2435; x_wconf 90' lang='lat' dir='ltr'><strong>nemo</strong></span> <span class='ocrx_word' id='word_1_222' title='bbox 1172 2384 1303 2437; x_wconf 87' lang='lat' dir='ltr'><strong>alius</strong></span> <span class='ocrx_word' id='word_1_223' title='bbox 1332 2382 1707 2457; x_wconf 84' lang='lat' dir='ltr'><strong>improbaverit</strong></span> 
     </span>
     <span class='ocr_line' id='line_1_34' title="bbox 47 2453 1717 2527; baseline 0.002 -22"><span class='ocrx_word' id='word_1_224' title='bbox 47 2453 136 2520; x_wconf 71' lang='lat'><strong>²385</strong></span> <span class='ocrx_word' id='word_1_225' title='bbox 179 2453 523 2521; x_wconf 83' lang='lat' dir='ltr'><strong>Sagittarius:</strong></span> <span class='ocrx_word' id='word_1_226' title='bbox 568 2455 694 2504; x_wconf 84' lang='lat' dir='ltr'><strong>Non</strong></span> <span class='ocrx_word' id='word_1_227' title='bbox 723 2456 857 2505; x_wconf 85' lang='lat' dir='ltr'><strong>enim</strong></span> <span class='ocrx_word' id='word_1_228' title='bbox 880 2455 994 2526; x_wconf 83' lang='lat' dir='ltr'><strong>ipsis</strong></span> <span class='ocrx_word' id='word_1_229' title='bbox 1018 2454 1095 2508; x_wconf 86' lang='lat' dir='ltr'><strong>fas</strong></span> <span class='ocrx_word' id='word_1_230' title='bbox 1116 2457 1187 2509; x_wconf 86' lang='lat' dir='ltr'><strong>est</strong></span> <span class='ocrx_word' id='word_1_231' title='bbox 1210 2454 1717 2527; x_wconf 76' lang='lat' dir='ltr'><strong>incaffumjaculari.</strong></span> 
     </span>
     <span class='ocr_line' id='line_1_35' title="bbox 251 2523 1581 2603; baseline 0.004 -27"><span class='ocrx_word' id='word_1_232' title='bbox 251 2523 357 2576; x_wconf 86' lang='lat' dir='ltr'><strong>Alii</strong></span> <span class='ocrx_word' id='word_1_233' title='bbox 385 2526 506 2577; x_wconf 88' lang='lat' dir='ltr'><strong>item</strong></span> <span class='ocrx_word' id='word_1_234' title='bbox 528 2523 728 2595; x_wconf 75' lang='lat' dir='ltr'><strong>Scythae</strong></span> <span class='ocrx_word' id='word_1_235' title='bbox 748 2523 861 2578; x_wconf 81' lang='lat' dir='ltr'><strong>sunt</strong></span> <span class='ocrx_word' id='word_1_236' title='bbox 882 2528 1155 2590; x_wconf 89' lang='lat' dir='ltr'><strong>numerofi,</strong></span> <span class='ocrx_word' id='word_1_237' title='bbox 1199 2533 1287 2602; x_wconf 87' lang='lat' dir='ltr'><strong>qui</strong></span> <span class='ocrx_word' id='word_1_238' title='bbox 1318 2530 1581 2603; x_wconf 82' lang='lat' dir='ltr'><strong>poffident</strong></span> 
     </span>
     <span class='ocr_line' id='line_1_36' title="bbox 177 2596 1823 2675; baseline 0.004 -27"><span class='ocrx_word' id='word_1_239' title='bbox 177 2596 541 2650; x_wconf 84' lang='lat' dir='ltr'><strong>Extremitates</strong></span> <span class='ocrx_word' id='word_1_240' title='bbox 565 2621 575 2648; x_wconf 75' lang='grc' dir='ltr'>ε</span> <span class='ocrx_word' id='word_1_241' title='bbox 604 2598 811 2650; x_wconf 89' lang='lat' dir='ltr'><strong>Circum</strong></span> <span class='ocrx_word' id='word_1_242' title='bbox 832 2618 948 2651; x_wconf 83' lang='lat' dir='ltr'><strong>vero</strong></span> <span class='ocrx_word' id='word_1_243' title='bbox 968 2597 1104 2672; x_wconf 89' lang='lat' dir='ltr'><strong>ipsos</strong></span> <span class='ocrx_word' id='word_1_244' title='bbox 1124 2601 1298 2666; x_wconf 85' lang='lat' dir='ltr'><strong>tellus,</strong></span> <span class='ocrx_word' id='word_1_245' title='bbox 1334 2621 1494 2675; x_wconf 87' lang='lat' dir='ltr'><strong>quam</strong></span> <span class='ocrx_word' id='word_1_246' title='bbox 1520 2600 1660 2654; x_wconf 87' lang='lat' dir='ltr'><strong>venti</strong></span> <span class='ocrx_word' id='word_1_247' title='bbox 1701 2599 1823 2654; x_wconf 58' lang='lat' dir='ltr'><strong>infeu</strong></span> 
     </span>
     <span class='ocr_line' id='line_1_37' title="bbox 400 2669 940 2739; baseline 0.007 -19"><span class='ocrx_word' id='word_1_248' title='bbox 400 2669 554 2730; x_wconf 83' lang='lat' dir='ltr'><strong>stant,</strong></span> <span class='ocrx_word' id='word_1_249' title='bbox 588 2669 658 2721; x_wconf 85' lang='lat' dir='ltr'><strong>est</strong></span> <span class='ocrx_word' id='word_1_250' title='bbox 687 2671 940 2739; x_wconf 57' lang='lat' dir='ltr'><strong>postesta,</strong></span> 
     </span>
     <span class='ocr_line' id='line_1_38' title="bbox 179 2739 1438 2816; baseline 0.005 -23"><span class='ocrx_word' id='word_1_251' title='bbox 179 2740 444 2810; x_wconf 88' lang='lat' dir='ltr'><strong>Hybernis</strong></span> <span class='ocrx_word' id='word_1_252' title='bbox 472 2741 634 2793; x_wconf 76' lang='lat' dir='ltr'><strong>ventis</strong></span> <span class='ocrx_word' id='word_1_253' title='bbox 661 2739 860 2812; x_wconf 66' lang='lat' dir='ltr'><strong>objesta</strong></span> <span class='ocrx_word' id='word_1_254' title='bbox 886 2761 1045 2815; x_wconf 91' lang='lat' dir='ltr'><strong>atque</strong></span> <span class='ocrx_word' id='word_1_255' title='bbox 1085 2745 1438 2816; x_wconf 80' lang='lat' dir='ltr'><strong>grandinibus,</strong></span> 
     </span>
     <span class='ocr_line' id='line_1_39' title="bbox 182 2810 1646 2883; baseline 0.005 -18"><span class='ocrx_word' id='word_1_256' title='bbox 182 2810 359 2865; x_wconf 86' lang='lat' dir='ltr'><strong>Miseri</strong></span> <span class='ocrx_word' id='word_1_257' title='bbox 398 2814 484 2883; x_wconf 82' lang='lat' dir='ltr'><strong>qui</strong></span> <span class='ocrx_word' id='word_1_258' title='bbox 509 2814 642 2865; x_wconf 89' lang='lat' dir='ltr'><strong>circa</strong></span> <span class='ocrx_word' id='word_1_259' title='bbox 670 2813 819 2866; x_wconf 82' lang='lat' dir='ltr'><strong>illum</strong></span> <span class='ocrx_word' id='word_1_260' title='bbox 844 2814 1110 2870; x_wconf 88' lang='lat' dir='ltr'><strong>domicilia</strong></span> <span class='ocrx_word' id='word_1_261' title='bbox 1140 2817 1376 2871; x_wconf 86' lang='lat' dir='ltr'><strong>homines</strong></span> <span class='ocrx_word' id='word_1_262' title='bbox 1402 2818 1605 2872; x_wconf 87' lang='lat' dir='ltr'><strong>habent</strong></span> <span class='ocrx_word' id='word_1_263' title='bbox 1633 2843 1646 2872; x_wconf 72' lang='grc' dir='ltr'>ε</span> 
     </span>
     <span class='ocr_line' id='line_1_40' title="bbox 45 2884 1497 2962; baseline 0.007 -27"><span class='ocrx_word' id='word_1_264' title='bbox 45 2899 140 2952; x_wconf 81' lang='lat'><strong>590</strong></span> <span class='ocrx_word' id='word_1_265' title='bbox 180 2884 361 2950; x_wconf 80' lang='lat' dir='ltr'><strong>Qum</strong></span> <span class='ocrx_word' id='word_1_266' title='bbox 390 2886 524 2936; x_wconf 88' lang='lat' dir='ltr'><strong>enim</strong></span> <span class='ocrx_word' id='word_1_267' title='bbox 558 2890 585 2937; x_wconf 74' lang='grc' dir='ltr'><strong>ἐι</strong></span> <span class='ocrx_word' id='word_1_268' title='bbox 608 2888 767 2938; x_wconf 84' lang='lat' dir='ltr'><strong>ventis</strong></span> <span class='ocrx_word' id='word_1_269' title='bbox 796 2887 1077 2958; x_wconf 84' lang='lat' dir='ltr'><strong>plurimum</strong></span> <span class='ocrx_word' id='word_1_270' title='bbox 1097 2887 1263 2962; x_wconf 83' lang='lat' dir='ltr'><strong>frigus</strong></span> <span class='ocrx_word' id='word_1_271' title='bbox 1288 2894 1497 2955; x_wconf 86' lang='lat' dir='ltr'><strong>venerit,</strong></span> 
     </span>
     <span class='ocr_line' id='line_1_41' title="bbox 180 2957 1363 3028; baseline 0.005 -20"><span class='ocrx_word' id='word_1_272' title='bbox 180 2958 285 3008; x_wconf 87' lang='lat' dir='ltr'><strong>Aut</strong></span> <span class='ocrx_word' id='word_1_273' title='bbox 305 2976 462 3028; x_wconf 90' lang='lat' dir='ltr'><strong>equos</strong></span> <span class='ocrx_word' id='word_1_274' title='bbox 490 2957 764 3010; x_wconf 87' lang='lat' dir='ltr'><strong>morientes</strong></span> <span class='ocrx_word' id='word_1_275' title='bbox 804 2976 925 3012; x_wconf 88' lang='lat' dir='ltr'><strong>ante</strong></span> <span class='ocrx_word' id='word_1_276' title='bbox 951 2962 1126 3014; x_wconf 91' lang='lat' dir='ltr'><strong>oculos</strong></span> <span class='ocrx_word' id='word_1_277' title='bbox 1166 2982 1363 3026; x_wconf 81' lang='lat' dir='ltr'><strong>cernas,</strong></span> 
     </span>
     <span class='ocr_line' id='line_1_42' title="bbox 178 3028 1832 3107; baseline 0.007 -26"><span class='ocrx_word' id='word_1_278' title='bbox 178 3028 281 3081; x_wconf 76' lang='lat' dir='ltr'><strong>¹Aut</strong></span> <span class='ocrx_word' id='word_1_279' title='bbox 307 3032 463 3082; x_wconf 80' lang='lat' dir='ltr'><strong>etiam</strong></span> <span class='ocrx_word' id='word_1_280' title='bbox 485 3029 673 3093; x_wconf 71' lang='grc' dir='ltr'><strong>ηωΙοε,</strong></span> <span class='ocrx_word' id='word_1_281' title='bbox 714 3046 799 3084; x_wconf 80' lang='lat' dir='ltr'><strong>aut</strong></span> <span class='ocrx_word' id='word_1_282' title='bbox 827 3032 878 3085; x_wconf 88' lang='lat' dir='ltr'><strong>in</strong></span> <span class='ocrx_word' id='word_1_283' title='bbox 906 3052 1031 3104; x_wconf 79' lang='lat' dir='ltr'><strong>agro</strong></span> <span class='ocrx_word' id='word_1_284' title='bbox 1057 3034 1428 3089; x_wconf 83' lang='lat' dir='ltr'><strong>stabulantium</strong></span> <span class='ocrx_word' id='word_1_285' title='bbox 1452 3054 1611 3107; x_wconf 84' lang='lat' dir='ltr'><strong>genus</strong></span> <span class='ocrx_word' id='word_1_286' title='bbox 1636 3037 1832 3093; x_wconf 85' lang='lat' dir='ltr'><strong>ovium.</strong></span> 
     </span>
     <span class='ocr_line' id='line_1_43' title="bbox 270 3116 655 3178; baseline -0.005 -15"><span class='ocrx_word' id='word_1_287' title='bbox 270 3121 289 3141; x_wconf 71' lang='lat'><strong>&#39;⁴</strong></span> <span class='ocrx_word' id='word_1_288' title='bbox 327 3116 480 3178; x_wconf 84' lang='lat' dir='ltr'><strong>Vulgo</strong></span> <span class='ocrx_word' id='word_1_289' title='bbox 513 3122 655 3175; x_wconf 78' lang='lat' dir='ltr'><strong>Wolga,</strong></span> 
     </span>
     <span class='ocr_line' id='line_1_44' title="bbox 1646 3186 1834 3257; baseline 0 -18"><span class='ocrx_word' id='word_1_290' title='bbox 1646 3186 1834 3257; x_wconf 86' lang='lat' dir='ltr'><strong>Neque</strong></span> 
     </span>
    </p>
   </div>
  </div>
 </body>
</html>
