2034 3490
542 50 1528 124 INTERPRETATlo.
1793 77 1916 147 ηρ

324 159 478 220 ῙΕοΙί,
508 157 596 227 qui
623 153 862 208 miranda
889 153 1017 207 inter
1041 152 1273 207 homines
1297 154 1499 211 sortitus
1522 161 1593 213 est
1623 180 1850 228 munera,

325 228 605 300 Imperium
633 242 900 279 ventorum
929 223 1378 290 tumultuantium,
1433 230 1926 306 quiescentiumque.

324 302 530 372 Septem
548 306 665 350 aut‘e
678 318 746 350 eae
765 297 842 349 illi
856 294 1372 368 sunt,cognominatae
1384 300 1450 352 ab
1462 301 1758 357 hominibus
1772 312 1924 371 Plotae,

151 392 202 428 ιι
221 392 275 440 55
322 372 403 424 Eo
423 369 565 441 quod
587 369 755 421 media
777 368 1356 439 circumnavigationem
1375 368 1568 428 habent
1580 377 1922 434 circumflexa,

324 441 430 496 Alii
460 457 629 495 autem
654 442 811 492 etiam
841 439 966 492 olim
995 439 1234 493 dixerunt
1253 441 1496 494 Vulcanias
1913 448 1919 451 ’

319 512 524 567 Insulas
553 534 572 578 3
610 511 793 566 harum
822 530 953 563 nunc
977 517 1150 583 Lipara
1175 513 1579 584 praestantiffima
1605 521 1695 583 est,

322 586 497 649 Qare
521 602 696 636 omnes
724 582 982 635 communi
1008 585 1313 654 cognomine
1340 582 1510 658 (sunt)
1533 593 1791 660 Liparenae..

393 658 546 708 Sicilia
573 672 740 708 autem
766 655 879 726 post
901 654 1012 718 haS‚
1055 654 1183 708 insta
1214 653 1377 710 solum
1408 659 1774 729 Ausoniorum,

146 747 202 783 11
219 738 282 783 σω
323 728 550 781 Extenta
575 727 667 790 est,
708 726 872 780 latera
893 723 1039 799 super
1061 728 1157 780 tria
1186 728 1324 782 stans
1355 753 1367 780 ε

318 798 679 852 Promontoria
727 816 842 850 vero
868 798 930 860 ei,
982 798 1325 872 Pachynusque,
1374 803 1642 878 Pelorisque,
1678 807 1933 882 Lilybeque.

317 870 422 924 Sed
447 872 583 923 enim
614 870 803 942 Lilybe
836 868 1050 941 quidem
1078 870 1146 923 ad
1174 871 1357 932 flatum
1382 875 1612 950 Zephyri

320 942 602 1006 Prominet,
618 944 850 1012 Pachynus
871 960 986 996 vero
1002 942 1069 996 ad
1090 946 1354 1010 orientem,
1385 964 1626 1002 caeterum
1642 950 1711 1004 ad
1738 947 1933 1024 septen-

318 1012 543 1068 Ventosa
573 1016 755 1078 Peloris,
791 1013 841 1066 in
879 1014 1159 1068 Ausoniam
1192 1014 1442 1088 spectans,
1686 1024 1929 1093 [trionem

148 1107 165 1141 1
184 1109 201 1144 1
216 1096 275 1156 65
318 1086 484 1154 Juxta
512 1086 741 1139 mediam
770 1085 989 1140 insulam
1010 1091 1173 1140 AEtna
1193 1088 1377 1144 domus
1398 1089 1638 1148 Vulcani.

316 1158 459 1211 Illius
487 1175 657 1211 autem
687 1159 738 1211 in
766 1158 939 1211 medio
961 1159 1013 1211 &
1042 1174 1181 1214 terrae
1208 1160 1401 1215 Italicae

314 1230 736 1302 Angustissimum
763 1229 946 1302 longos
972 1229 1144 1284 fremit
1171 1235 1305 1286 circa
1334 1232 1568 1307 scopulos

318 1304 493 1364 Mare,
532 1304 704 1355 Aonio
742 1301 910 1370 (fama
941 1303 1040 1371 est)
1074 1301 1278 1359 sciffum
1302 1302 1457 1371 ferr0,

315 1376 340 1442 (
352 1372 516 1446 Qod
543 1374 669 1427 olim
695 1376 892 1427 Siculum
902 1373 1082 1446 fretum
1111 1374 1368 1441 dixerunt,

144 1466 161 1500 ι
180 1468 196 1501 1
214 1462 274 1506 70
317 1449 372 1499 N
377 1465 473 1499 unc
498 1466 618 1498 vero
642 1447 800 1499 etiam
825 1449 1082 1518 Mffnum)
1122 1446 1405 1520 perniciosa
1431 1453 1601 1507 nautis
1626 1455 1726 1510 via.

311 1520 443 1572 Heic
474 1522 618 1586 Scyll-22
636 1533 801 1588 petra,
840 1518 893 1570 ὃ(
948 1516 1055 1571 illic
1081 1522 1315 1590 Charybdis
1338 1519 1538 1596 spuma,

316 1590 444 1643 Inde
473 1587 605 1643 infra
634 1590 864 1643 Siculam
905 1604 1094 1644 terram
1121 1596 1273 1645 Melite
1309 1593 1500 1666 figitur.

392 1664 583 1715 Verum
612 1681 771 1733 quum
802 1661 1053 1716 Adriatici
1083 1664 1332 1719 finistrum
1361 1667 1564 1722 alveum
1588 1673 1744 1726 maris

316 1736 587 1789 Intraveris
613 1735 664 1786 in
692 1736 835 1798 navi,
873 1736 1140 1808 Iapygiam
1169 1739 1222 1791 in
1249 1756 1459 1803 terram,

137 1823 193 1857 11
212 1826 267 1874 75
312 1808 542 1859 Invenies
571 1805 719 1860 fortis
749 1809 976 1859 Diomedis
1003 1807 1269 1865 confestim
1290 1809 1552 1882 insulam5

315 1880 441 1949 Qo
469 1877 618 1931 heros
646 1881 803 1943 venit,
843 1877 1046 1932 infensa
1074 1883 1297 1949 Venere,

316 1949 553 2016 Qando
581 1967 974 2023 peroptatorum
993 1953 1126 2006 adiit
1150 1972 1356 2027 gentem
1382 1959 1665 2024 Iberorum,

318 2026 434 2078 Suae
464 2025 637 2076 uxoris
666 2024 886 2077 confiliis
910 2023 1179 2080 malevolae
1208 2031 1447 2101 AEgialae.

397 2097 653 2166 Deinceps
677 2111 868 2161 autem,
907 2099 1060 2152 maris
1088 2098 1156 2151 ad
1184 2116 1355 2157 ortum
1386 2105 1537 2168 Ionii,

135 2181 157 2215 1
174 2165 269 2219 180
310 2166 493 2236 Absyrti
519 2167 803 2221 Insularum
831 2186 1047 2242 apparet
1073 2171 1347 2227 immensus
1374 2177 1585 2237 trastuS,
1748 2206 1754 2221 ·

314 2231 466 2303 Quas
497 2239 624 2293 olim
652 2240 972 2296 Colchorum
1005 2242 1103 2296 filii
1132 2245 1462 2312 incursarunt,
1508 2246 1721 2320 quando
1752 2246 1926 2303 defeffi

314 2312 549 2382 Vestigia
575 2309 884 2384 indagantes
907 2316 1235 2386 vagabundae
1259 2320 1505 2374 AEetineS.
1703 2318 1934 2391 [fuerunt

376 2385 634 2456 Deinceps
665 2400 841 2438 autem
871 2388 985 2458 post
1013 2387 1109 2441 has
1146 2392 1400 2444 Liburnicae
1425 2392 1530 2446 fitae
1550 2389 1677 2446 sunt.

313 2458 510 2508 Verum
541 2456 610 2509 ad
642 2459 889 2522 austrum,
928 2461 1043 2531 post
1066 2459 1222 2516 saltus
1244 2464 1529 2530 Ceraunios
1559 2466 1677 2518 navi
1702 2463 1919 2519 currenti

136 2529 267 2596 1185
315 2526 497 2581 Insulae
528 2546 804 2601 apparent,
843 2551 904 2583 ex
949 2532 1179 2587 ulteriori
1205 2534 1343 2599 loco,
1380 2538 1774 2591 Ambraciotarum
1803 2559 1823 2602 5

316 2602 490 2671 Atque
520 2604 728 2673 pinguis
766 2610 969 2674 Corcyra,
1008 2606 1223 2660 charum
1266 2605 1431 2664 solum
1461 2609 1667 2662 Alcinoi
1697 2634 1709 2663 :

315 2671 476 2726 Illam
506 2693 643 2726 nunc
670 2675 839 2748 Corfun
863 2692 1032 2730 nautae
1062 2677 1320 2732 dixerunt.

316 2743 484 2814 Prope
517 2744 654 2798 hanc
684 2754 874 2810 Leucffl,
912 2766 1072 2818 quam
1100 2755 1320 2803 Mauram
1341 2771 1475 2804 nunc
1501 2767 1711 2806 vocant.

383 2815 500 2869 Post
529 2816 669 2869 hanc
699 2834 893 2883 autem,
932 2826 1123 2874 Nertciae
1145 2825 1309 2875 Ithacae
1334 2822 1474 2877 sedes
1502 2825 1613 2878 fixa
1639 2825 1729 2888 est,

129 2891 272 2957 ‘1190
314 2885 717 2961 Insularumque
737 2889 983 2956 aliarum,
1019 2910 1277 2966 quotquot
1304 2898 1333 2947 e
1359 2897 1559 2948 Chalcide
1582 2896 1761 2951 labens

310 2959 622 3013 Vorticibus
652 2964 909 3033 argenteis
946 2968 1160 3018 Achelous
1187 2966 1470 3021 circumdat
1494 2992 1508 3022 ε

310 3032 425 3083 Has
450 3033 654 3104 antiqui
681 3033 925 3090 dixerunt
954 3039 1209 3091 Echinod‘u
1238 3058 1250 3090 .·
1292 3058 1423 3110 quas
1445 3041 1732 3097 vicinorum

311 3127 334 3147 2
376 3124 447 3166 Vu
457 3120 532 3181 lgo
558 3126 700 3169 Malta,
1717 3189 1750 3224 Q

1715 3206 1951 3261 oequun⁹
