2034 3490
446 102 1401 174 INTERPRETATIO.
1690 104 1812 190 107·

182 210 262 263 Eo
281 207 427 282 quod
445 223 592 261 tauro
611 206 805 270 similis,
842 209 894 260 ἃ
923 221 1129 260 acutum
1156 225 1311 279 caput
1338 210 1536 263 habens
1567 209 1782 272 incedit,

181 282 454 335 Montibus
481 277 711 351 spatiosis
738 278 1026 332 multifidus
1048 279 1165 331 hinc
1189 279 1308 333 inde
1331 306 1342 333 :

182 354 264 406 Ex
290 353 396 424 quo
417 352 664 404 innumeri
693 371 870 404 amnes
902 370 1020 404 cum
1045 351 1254 422 strepitu
1284 353 1467 414 fluunt,

181 426 256 478 Hi
303 422 513 498 quidem
558 423 626 475 ad
672 423 913 485 Boream,
948 422 1027 474 illi
1055 441 1174 476 vero
1204 423 1269 476 ad
1301 425 1543 488 austrum,
1596 423 1812 496 quidam

207 535 210 539 .
471 496 594 547 item
621 494 688 547 ad
716 496 969 566 impetum

48 586 138 636 705
182 567 306 621 Euri
330 567 384 621 &
412 565 641 638 Zephyri
669 589 681 617 e
724 566 858 631 Qis
885 565 1060 618 omnia
1098 567 1307 619 nomina
1335 565 1601 620 retulerit?

183 643 301 693 Nec
316 653 451 691 certe
464 654 862 709 cognomentum
876 639 1082 691 unicum
1104 637 1320 710 adeptus
1339 641 1427 702 est,
1441 639 1676 691 verum-in
1693 658 1817 689 unca

184 715 396 766 Nomen
408 709 568 763 habet
583 709 726 763 anfra
735 711 835 763 stu.
851 712 976 763 Haec
990 725 1160 763 autem
1174 711 1277 764 illis
1294 732 1422 765 curae
1437 711 1533 764 fint
1611 729 1821 782 quoque.

183 781 519 845 Hominibus,
564 783 653 852 qui
680 784 731 834 in
756 781 876 835 loco
899 782 994 835 illo
1020 783 1242 835 vicinam
1270 783 1480 836 domum
1501 803 1568 856 po
1594 802 1727 835 uere.

258 853 361 908 Sed
388 855 502 927 post
525 853 733 926 Lycios,
760 856 1115 926 Pamphyliorum
1136 873 1247 909 erat
1273 873 1429 909 terra.

50 948 146 997 710
183 930 347 1001 Supra
371 940 540 979 autem
556 927 651 979 hos
674 925 743 979 ad
760 926 980 979 Boream
998 926 1247 996 Pg'sz'darum
1271 943 1402 981 terra
1420 951 1436 993 3
1456 928 1505 980 &
1523 944 1683 999 prope
1706 921 1822 976 illos

184 1000 336 1053 Periti
363 999 415 1050 in
442 996 594 1051 bellis
622 1006 863 1069 Lycaones,
926 999 1090 1051 curvis
1131 1000 1347 1053 arcubus
1372 1015 1566 1053 utentes
1591 1022 1603 1050 :
1628 1007 1635 1011 ’

186 1074 256 1126 Et
274 1071 487 1144 superne
512 1088 673 1141 genus
701 1072 979 1122 Galatarum
1022 1085 1208 1126 terram
1233 1071 1514 1124 incolebat.

260 1144 378 1198 Post
399 1141 738 1215 Pamphylios
773 1157 965 1207 autem,
1018 1142 1087 1195 ad
1118 1161 1287 1206 ortum
1322 1143 1463 1206 solis,

188 1218 318 1270 Erat
339 1215 477 1286 regio
506 1218 708 1278 Cilicum,
763 1214 852 1267 ubi
880 1216 1016 1268 stetit
1043 1214 1111 1267 ad
1140 1236 1280 1269 mare

54 1308 147 1357 715
190 1287 357 1360 Tarsus
382 1288 517 1340 bene
541 1288 726 1340 structa
752 1309 770 1353 5
813 1287 882 1339 ibi
908 1286 1176 1358 quondam
1206 1288 1388 1360 Pegasus
1413 1287 1611 1358 Equus,

189 1360 412 1432 Ungula
433 1356 634 1422 amiffa,
659 1358 775 1410 loco
799 1358 1011 1430 reliquit
1036 1379 1222 1412 nomen
1253 1383 1269 1426 3
1298 1359 1511 1431 quando
1537 1378 1600 1410 ex
1626 1373 1760 1427 equo

187 1432 273 1488 Ad
293 1433 436 1502 Jovis
472 1430 848 1502 [domicilium]
870 1429 1192 1503 proficiscens
1207 1431 1403 1485 decidit
1422 1431 1574 1484 heros
1600 1428 1830 1482 Bellero·

189 1505 305 1558 Illic
326 1506 608 1558 etiamnum
635 1509 818 1574 Campus
850 1506 1013 1565 Aleiu5‚
1054 1502 1193 1576 cujus
1221 1506 1271 1557 in
1300 1503 1516 1576 planitie
1640 1502 1828 1573 [phom

193 1578 276 1632 Ab
302 1576 598 1630 hominibus
623 1573 842 1629 seorsum
875 1576 1115 1630 oberrans
1140 1576 1450 1630 versabatur.

56 1672 152 1720 720
224 1649 329 1704 Sed
354 1647 424 1702 ad
444 1664 612 1701 ortum
644 1647 869 1701 Cilicum
899 1649 1017 1701 fluit
1042 1649 1169 1702 inter
1195 1666 1381 1709 terram

189 1724 343 1777 Sinus
372 1720 586 1773 &vicina
614 1719 742 1772 olim
769 1723 1163 1791 cognominatus
1197 1722 1292 1796 Iffi'·

195 1795 413 1867 Qanta
437 1810 608 1846 autem
629 1793 696 1844 ab
714 1791 810 1845 illo
830 1795 1106 1865 porrigitur
1133 1794 1203 1846 ad
1227 1797 1467 1867 AEgaeum
1493 1815 1651 1863 mare,

192 1868 453 1921 Euxinum
478 1865 608 1919 inter
632 1866 686 1918 &
714 1864 1143 1919 mediterraneum
1172 1869 1322 1921 Mare
1351 1890 1370 1933 5

196 1942 431 2007 Tantam
456 1958 591 1991 nunc
619 1952 806 1990 terram
847 1941 1087 1990 Nataliam
1116 1938 1356 1995 dixerunt
1384 1965 1396 1992 :

61 2034 150 2081 725
195 2017 419 2065 Minorem
446 2027 620 2065 autem
648 2008 801 2079 Afiam.
829 2009 1069 2065 dixerunt
1091 2030 1279 2066 veteres
1309 2036 1327 2079 5

192 2086 308 2153 Fuit
336 2083 471 2138 enim
499 2087 652 2155 Major
686 2083 856 2158 [Afia]
893 2103 1003 2157 quae
1046 2100 1188 2142 extra
1215 2085 1363 2139 illam
1389 2086 1474 2139 est.

730 2210 786 2276 C
822 2215 878 2277 A
905 2210 974 2277 P.
1037 2210 1281 2279 xxm.

252 2320 348 2385 De
384 2321 642 2405 antiqua
671 2319 846 2402 Syria
876 2319 1136 2409 quaesita
1166 2325 1251 2387 ef}
1272 2326 1329 2388 in
1361 2319 1657 2391 hodierna

668 2408 889 2476 Turcz‘a
912 2411 1195 2499 Astatica.

198 2542 247 2642 Ι
266 2537 339 2591 Sfi
371 2534 514 2611 juxta
544 2536 708 2590 finum
740 2537 809 2590 ad
836 2553 1008 2592 ortum
1033 2536 1189 2602 Solis,

284 2608 367 2663 Ad
396 2609 622 2662 radicem
650 2615 818 2662 Amani
839 2611 1015 2664 videat
1041 2611 1158 2682 quis
1183 2614 1408 2685 angusta
1448 2614 1648 2667 viarum
1675 2637 1695 2682 3

197 2683 304 2737 Alii
332 2698 581 2734 vocarunt
609 2688 769 2736 Portas
791 2683 967 2747 Ciliciae,

61 2774 157 2823 730
195 2755 301 2809 Alii
329 2771 501 2806 autem
527 2759 699 2823 Syriae:
737 2754 842 2808 alia
871 2758 1007 2810 enim
1033 2776 1094 2810 ex
1121 2775 1267 2830 parte
1293 2770 1561 2810 extentum
1587 2760 1660 2813 est

99 2832 103 2835 ’
195 2827 345 2881 Olim
373 2825 537 2879 solum
564 2830 787 2891 Cilicium,
812 2827 976 2882 altera
1003 2849 1122 2882 vero
1150 2852 1212 2886 ex
1249 2846 1398 2903 parte
1424 2835 1558 2903 Syriae
1585 2831 1733 2885 urbes

199 2902 400 2954 Littore
428 2900 481 2951 in
507 2898 697 2952 inflexo
716 2900 874 2972 longe
892 2903 1187 2972 protractae:
1215 2905 1407 2957 circum
1426 2920 1607 2973 namq3
1627 2907 1821 2959 trachis

198 2975 259 3027 In
287 2967 522 3025 occasum
553 2970 820 3026 conversus
847 2974 918 3027 est
941 2975 1055 3027 cani
1081 2977 1255 3040 maris,
1300 2972 1458 3046 usque
1489 2975 1558 3028 ad
1592 2974 1772 3048 jugum

201 3046 398 3098 Montis
423 3043 691 3112 maritimi,
735 3044 844 3098 alta
872 3045 1110 3100 habentis
1140 3047 1424 3120 praecipitia
1452 3047 1583 3118 Casii.

68 3134 155 3187 {35
234 3117 391 3172 Multi
415 3114 629 3188 quidem
666 3119 720 3170 ἃ
747 3117 933 3177 divites
957 3117 1191 3173 homines
1215 3126 1394 3195 Syriam
1423 3120 1721 3174 incolebant
1740 3146 1754 3175 :

73 3236 94 3264 ,ι
145 3257 151 3261 ¹
205 3190 274 3263 Hi
303 3187 516 3266 quidem
546 3187 615 3256 ad
647 3190 884 3255 Boream,
925 3194 1059 3245 inter
1086 3211 1228 3255 mare
1254 3194 1308 3250 ὃς
1336 3194 1635 3266 Λῖιιρέπατεηι,4

894 3262 947 3319 Ο
987 3284 1012 3323 2.
1711 3264 1854 3328 Diffi
