2034 3490
462 105 1416 206 INTERPRETATIO.
1706 124 1827 189 ης

622 292 678 358 c
729 292 785 357 A
833 291 904 358 P.
999 291 1284 358 xxxv,

538 394 636 462 De
673 393 888 484 Infidis
928 400 1324 466 Americanis.

236 550 352 657 N
370 548 492 602 Unc
521 560 695 599 autem
720 548 970 602 Atlantici
1012 549 1181 603 latum
1206 548 1405 602 fluxum
1433 549 1633 602 Oceani

395 621 575 690 Longe
594 638 724 672 nave
747 618 938 684 secans,
971 621 1039 673 ad
1074 621 1360 674 Americam
1382 624 1647 693 pervenias
1670 650 1682 677 :

232 693 350 746 Ubi
380 690 519 765 apud
547 692 730 744 ostium
755 693 1054 765 pulchriflui
1094 692 1340 756 Canadae‚

236 762 463 839 Insulam
491 761 792 817 immensam
817 766 847 801 *
876 777 1010 837 nuper
1035 770 1298 817 invenerunt
1318 767 1554 837 prognati
1574 768 1696 820 viris

64 859 198 910 1310
235 835 522 909 Europaei&
559 849 745 888 terram
773 835 1109 909 piscatoribus
1143 837 1465 904 amabilem3
1663 858 1676 866 ·

243 909 451 962 Circum
477 909 612 960 enim
634 907 816 961 reboat
842 909 994 963 valde
1019 906 1268 982 piscosum
1294 929 1448 962 mare.

314 979 398 1035 Ad
423 980 651 1033 austrum
679 979 920 1053 deinceps
948 981 1311 1033 Bermudicarum
1336 997 1408 1033 tra
1419 983 1524 1035 &tus
1546 983 1617 1034 est

242 1050 544 1114 Insularum,
586 1070 717 1122 quas
738 1054 895 1105 etiam
920 1054 1211 1106 Sommeridffi
1239 1053 1585 1126 appellarunt.

315 1125 569 1196 Deinceps
601 1141 787 1177 terram
814 1141 991 1178 contra
1017 1124 1286 1178 Floridam

71 1220 199 1271 1315
244 1200 490 1259 Leucaion‚
526 1197 577 1247 8<
631 1198 835 1249 Bakama
866 1198 980 1250 sunt
1007 1219 1023 1263 3
1064 1216 1238 1250 verum
1270 1195 1400 1250 infra

242 1268 441 1321 Praebet
467 1265 714 1340 Hispanis
742 1270 910 1337 Cuba†
935 1276 1129 1321 Portum
1156 1287 1261 1340 prae
1283 1270 1399 1322 aliis
1421 1276 1652 1337 eximimz,

245 1342 317 1406 Et
345 1344 566 1400 Jamaica
595 1342 631 1409 J
649 1347 838 1393 Portum
859 1346 1022 1411 regium
1047 1341 1251 1412 Anglis.

317 1415 522 1464 Harum
549 1428 721 1465 autem
748 1413 816 1465 ad
843 1430 1012 1465 ortum
1036 1413 1299 1484 Hzspaniola
1324 1414 1621 1486 porrigitur,

251 1485 322 1539 Et
348 1490 546 1555 Boriqua
575 1485 644 1519 **
668 1490 855 1536 Portum
882 1487 1135 1557 opulentum
1153 1482 1397 1557 Hispanis
1426 1487 1641 1544 habens.

75 1579 208 1621 1320
278 1556 431 1608 Illinc
466 1554 747 1609 insularum
774 1575 1053 1629 parvarum
1082 1554 1250 1610 cursus
1276 1557 1544 1614 immensus
1567 1564 1636 1616 ad
1665 1581 1852 1633 ortum,

114 1622 125 1628 ἶ
250 1629 398 1695 Quas
419 1628 628 1701 quidem
648 1644 991 1700 cognomento
1016 1631 1266 1681 Caribbicas
1291 1630 1483 1685 dicunt.

253 1700 408 1768 (Illas
440 1703 577 1753 enim
602 1700 869 1772 quondam
890 1702 1084 1753 Caribbae
1108 1700 1403 1755 incolebant

256 1773 393 1835 Indi,
434 1774 657 1826 vicinam
681 1793 816 1826 nunc
845 1775 1189 1826 continentem
1227 1789 1415 1828 terram

85 1887 93 1902 .
249 1846 562 1908 Incolentes,
607 1842 752 1919 super
781 1845 1013 1899 australis
1041 1848 1291 1900 Americae
1329 1848 1528 1920 littus.)

77 1939 206 1988 1325
250 1918 365 1971 Ubi
394 1919 632 1982 Barbadm,
666 1924 855 1991 Antego,
894 1918 1243 1990 Montseratina,

253 1991 648 2063 Cbrgftophorisque
675 1992 728 2045 &
750 1997 891 2043 Nevis
917 2010 1045 2062 quas
1072 2010 1246 2044 omnes
1271 1992 1431 2062 Angli
1463 2009 1637 2049 tenent
1664 2021 1676 2050 ε

255 2065 386 2117 Sunt
427 2078 600 2116 autem
623 2069 871 2116 Martinica
893 2064 946 2116 8(
969 2064 1257 2135 Guaa'alupa,
1289 2063 1429 2118 sedes
1460 2068 1790 2124 Francorum.

326 2133 450 2188 Inde
476 2136 720 2188 Americae
746 2135 980 2189 australis
1008 2134 1078 2188 ad
1100 2135 1286 2208 pedem
1313 2137 1490 2191 videas

254 2207 404 2261 Alias
432 2205 640 2271 insulaS,
681 2227 902 2279 quarum
933 2211 1188 2285 praecipua
1219 2209 1290 2262 est

82 2299 216 2350 1330
255 2282 485 2334 Nomine
514 2282 571 2349 ††
604 2284 745 2333 Terra
772 2285 903 2351 Ignis,
931 2288 1108 2335 'contra
1132 2281 1540 2352 Magellanicam
1568 2300 1776 2340 terram.

330 2354 585 2425 Deinceps
616 2353 684 2407 ad
714 2351 969 2416 occasum,
1010 2355 1298 2408 Americam
1342 2374 1502 2428 prope
1529 2356 1789 2414 borealem

259 2423 434 2478 Insula
465 2444 808 2497 cognomento
839 2427 1090 2499 Calz'fornia
1116 2428 1410 2499 porrigitur,

259 2496 548 2551 Insularum
575 2499 806 2552 omnium
831 2517 990 2571 quam
1019 2497 1198 2552 dicunt
1221 2501 1523 2554 maximam.

335 2571 446 2625 Tot
473 2571 686 2643 quidem
725 2569 912 2625 insulas
943 2570 1144 2624 obtinet
1168 2591 1355 2644 gurges
1395 2573 1596 2628 Oceani

90 2659 219 2709 1335
262 2641 488 2716 Majores
520 2670 531 2695 ;
573 2645 704 2698 Aliae
735 2660 908 2698 autem
943 2644 1222 2698 innumerae
1263 2644 1395 2709 sunt,

266 2715 459 2767 Partim
485 2716 699 2786 quidem
720 2718 771 2770 in
797 2717 1114 2771 Americanis
1132 2718 1372 2778 fluctibus
1392 2715 1638 2791 profundi
1665 2720 1839 2786 maris,

268 2786 461 2840 Partim
490 2803 662 2842 autem
695 2792 746 2842 in
774 2790 979 2843 fluentis
1014 2789 1200 2864 Libyci
1238 2792 1412 2855 maris,

268 2858 461 2912 Partim
492 2880 611 2913 vero
637 2862 781 2927 Afiae,
799 2860 1042 2934 quaedarn
1061 2863 1217 2917 etiam
1236 2865 1367 2928 circa
1389 2864 1604 2936 plagam
1625 2862 1848 2936 Europa:
1867 2886 1883 2917 .·

268 2931 402 2985 Aliae
424 2949 595 2986 autem
626 2933 758 2987 alibi
801 2933 976 2988 insulae
1015 2936 1245 2998 infinitae,
1275 2940 1465 3009 partim
1495 2936 1560 2989 ab
1588 2935 1888 2993 hominibus

91 3020 225 3071 1340
262 3005 549 3070 Habitatae‚
571 3023 730 3078 atque
751 3007 973 3060 navibus
998 3007 1291 3081 optabilem
1317 3010 1593 3063 stationem
1613 3009 1894 3079 habente83

273 3099 291 3117 ²*
316 3096 379 3137 H.
399 3108 434 3137 e.
471 3097 827 3152 Nem-found-land
844 3099 886 3141 I.
957 3099 983 3148 ’1-
1009 3098 1166 3157 Vulgo
1189 3105 1365 3142 Havana.
1432 3108 1466 3157 q*
1487 3101 1641 3160 Vulgo
1664 3106 1896 3161 Post-royac!-

275 3155 314 3184 θ’
341 3151 494 3212 Vulgo
525 3155 733 3199 portatico.
769 3155 830 3211 ††
861 3153 1017 3214 Vulgo
1043 3158 1159 3198 Terra
1179 3157 1239 3199 del
1276 3163 1414 3218 Fungo·

1015 3254 1096 3322 Q
1111 3276 1136 3308 2
1769 3259 1888 3323 Par-2
