2039 3495
197 99 321 148 112
585 66 1588 140 INTERPRETATIO.

329 176 614 249 Omnigeni
640 173 766 229 belli
796 175 946 248 periti
975 197 988 228 ε
1035 194 1126 228 nec
1153 177 1290 229 enim
1316 194 1490 231 aratro

331 253 544 308 Sulcum
572 247 887 320 dirigebant,
923 246 1182 301 findentes
1215 267 1357 313 arva,

331 330 525 396 Neque
552 323 606 374 in
631 320 848 374 navibus
876 339 1018 372 mare
1040 317 1281 373 secabant
1309 323 1480 385 remiS,

189 404 286 472 885
329 402 444 454 Nec
471 398 591 448 item
606 389 1101 466 pabulopascebant
1127 392 1283 446 boum
1300 412 1456 465 genus
1484 421 1496 449 ε
1552 393 1638 450 sed
1655 400 1681 449 a
1702 400 1974 454 nativitate

326 469 477 525 Pueri
504 466 722 520 arcubus
749 466 802 519 &
829 465 1234 536 equitationibus
1257 465 1421 520 dediti
1447 466 1576 522 sunt.

331 546 545 613 Semper
573 554 745 592 autem
779 537 1059 608 streperam
1101 556 1191 610 per
1227 555 1415 592 terram
1455 541 1640 594 stridor
1658 538 1970 612 jaculorum,

336 617 444 670 Aut
470 612 687 666 telorum
712 634 724 662 :
767 609 948 682 paffim
976 610 1133 662 etiam
1161 609 1428 682 alipedum
1453 611 1622 666 cursus
1649 633 1901 685 equorum

325 686 628 746 Ruentium,
655 701 761 735 non
790 682 926 735 enim
953 682 1067 754 ipfis
1090 681 1166 735 fas
1192 699 1302 735 erat
1322 685 1494 738 cibum
1517 685 1729 749 sumere,

193 767 294 830 890
332 759 476 826 Qin
508 758 649 829 prius
678 773 741 808 ex
777 753 903 807 belli
929 753 1201 808 laboribus
1229 772 1386 828 caput
1409 755 1595 811 sudore
1619 757 1973 831 perfuderint:

335 830 602 885 Vivebant
628 842 800 881 autem
826 827 1014 899 praedis
1040 826 1183 880 hasta
1211 830 1345 900 parti
1368 830 1620 883 alimenti.

326 908 684 959 Veruntamen
711 900 893 973 praelio
919 898 1160 952 indomiti
1187 904 1428 972 quamvis
1452 900 1630 966 essent,

326 972 539 1034 Ausonii
570 974 701 1045 regis
719 970 1051 1026 mansuefecit
1082 973 1249 1026 hasta.

398 1047 517 1101 Post
542 1047 635 1100 hos
650 1061 843 1110 autem,
877 1044 1130 1116 priscorum
1150 1044 1392 1116 Persarum
1422 1061 1692 1117 paternum
1719 1044 1905 1111 solum,

195 1130 290 1195 895
331 1121 442 1186 Qui
462 1116 557 1171 soli
578 1118 705 1173 Afiae
731 1116 1140 1190 potentissimam
1177 1136 1338 1189 regno
1364 1135 1568 1188 gentem
1599 1118 1906 1182 habuerunt,

329 1193 441 1249 Soli
466 1193 587 1245 item
614 1189 834 1263 grandes
860 1189 1067 1250 divitias
1095 1191 1145 1242 in
1175 1189 1415 1243 domibus
1442 1188 1797 1263 reposuerunt,

329 1264 564 1332 Quando
589 1267 837 1316 Maeoniam
863 1264 917 1316 &
943 1262 1099 1315 Sardes
1120 1261 1429 1335 depopulati
1451 1261 1583 1316 sunt.

335 1344 499 1396 Aurea
521 1335 641 1390 sane
671 1334 879 1389 illorum
897 1334 1111 1407 quidem
1141 1336 1190 1387 in
1213 1353 1425 1407 corpore
1448 1356 1595 1389 arma
1616 1335 1908 1401 hominum,

335 1417 504 1468 Aurea
535 1411 693 1463 etiam
721 1409 864 1479 equis
890 1409 941 1460 in
969 1407 1144 1460 oribus
1170 1405 1345 1471 fraena,

192 1508 294 1553 900
331 1492 471 1540 Auro
497 1484 620 1536 item
661 1482 794 1533 circa
825 1480 983 1554 pedes
1011 1480 1269 1534 ornabant
1299 1480 1648 1534 calceamenta
1677 1504 1694 1548 3

330 1560 524 1613 Tantae
551 1554 693 1608 enim
720 1554 838 1626 ipsis
865 1553 1061 1606 divitiae
1081 1551 1528 1616 erantimmensae,
1553 1571 1788 1607 caeterum
1807 1552 1901 1606 tibi
1925 1553 1987 1605 fit

325 1630 558 1699 Antiqua
585 1629 787 1696 magnis
817 1625 1137 1679 circumdata
1158 1626 1421 1678 montibus
1451 1626 1624 1689 Perfis,

331 1700 534 1774 Caspiis
565 1701 726 1774 portis
757 1699 922 1770 magis
950 1698 1222 1751 australem
1250 1699 1387 1750 viam
1416 1698 1638 1762 habens,

329 1774 568 1830 Porrefih
594 1774 752 1826 etiam
786 1770 946 1844 usque
978 1770 1048 1823 ad
1085 1772 1395 1843 cognomine
1430 1790 1586 1823 mare.

194 1870 290 1919 905
331 1851 505 1920 Atque
524 1847 660 1901 hanc
679 1845 889 1916 quidem
912 1842 1064 1897 multi
1088 1864 1264 1896 amnes
1287 1841 1518 1916 undique
1540 1841 1951 1917 pinguefaciunt,

335 1924 456 1975 Huc
482 1935 641 1991 atque
667 1918 793 1971 illuc
824 1916 1058 1971 flexuosis
1089 1917 1190 1970 asti
1222 1916 1442 1969 fluentis

332 1993 553 2047 Illorum
572 2008 758 2045 ,autem
785 1988 1224 2063 praestantiffimus
1251 2006 1359 2042 erat
1385 1989 1591 2041 nomine
1622 1986 1845 2059 Choaspes,

333 2067 405 2119 Et
429 2064 581 2119 aliter
599 2066 796 2127 Eulaeus,
834 2061 1186 2135 praeterfluens
1214 2078 1400 2113 terram
1427 2062 1656 2129 susorum.

333 2134 505 2211 Hujus
515 2152 686 2190 autem
701 2136 754 2189 in
768 2135 1017 2188 lateribus
1030 2153 1202 2187 cernas
1217 2128 1495 2206 pulchrum
1513 2132 1719 2205 aspefiu
1737 2129 1986 2191 Achaten,

195 2230 301 2274 910
334 2212 604 2282 Jacentem
616 2209 759 2280 quafi
772 2207 1013 2281 cylindrU
1028 2205 1175 2279 super
1198 2223 1565 2279 terramzquem
1579 2204 1794 2278 quidem
1818 2206 1844 2256 e
1861 2221 1990 2275 rupe

337 2283 580 2357 Hybetni
614 2283 843 2335 fluminis
875 2279 1157 2333 detrahunt
1195 2278 1347 2331 alvei.

337 2360 552 2427 Semper
578 2370 751 2409 autem
771 2351 986 2426 placido
1011 2352 1119 2404 laeti
1150 2357 1177 2404 a
1197 2368 1352 2404 vento

337 2430 553 2483 Fruffilus
576 2429 740 2480 virent
766 2423 1038 2480 addensari
1067 2424 1153 2476 alii
1182 2423 1315 2476 aliis,

417 2502 674 2571 Deinceps
697 2498 767 2552 ad
794 2497 992 2552 undam
1016 2496 1195 2550 Persici
1224 2496 1407 2548 oceani

210 2594 304 2640 915
348 2578 563 2626 Carmani
583 2571 916 2634 habitabant,
955 2569 1047 2622 sub
1075 2567 1179 2621 sole
1205 2568 1400 2620 oriente
1428 2590 1445 2633 3

346 2648 392 2699 A
419 2643 621 2698 Perside
647 2643 792 2698 haud
821 2642 1023 2716 procul,
1048 2640 1287 2695 bifariam
1308 2655 1495 2692 terram
1524 2652 1779 2701 tenentes,

345 2719 448 2770 Alii
479 2716 692 2788 quidem
719 2716 985 2778 maritimi,
1013 2714 1101 2768 alii
1131 2717 1250 2765 vero
1280 2714 1412 2765 intus
1433 2710 1811 2764 mediterranei.

419 2793 623 2843 Horum
649 2805 819 2843 autem
850 2788 917 2841 ad
944 2787 1197 2841 orientem
1223 2784 1414 2856 Gedrqli,
1453 2785 1506 2838 ὃ(
1526 2788 1707 2845 Aria-ni,

346 2863 508 2915 Haud
535 2879 722 2915 terram
749 2860 1032 2914 incolentes
1052 2857 1358 2920 amabilem,
1396 2874 1573 2909 verum
1594 2853 1768 2908 subtus
1788 2854 1924 2907 tenui

206 2955 307 2996 920
344 2937 509 2988 Arena
535 2934 823 3006 oppletam,
865 2950 1023 3002 atque
1047 2929 1256 3002 spinetis
1283 2927 1562 3001 hispidam.

350 3009 595 3061 Attamen
633 3006 788 3059 vieini
827 3003 1129 3058 sufficientes
1158 3000 1273 3055 sunt
1291 3004 1397 3054 viae.

354 3078 532 3133 Aliam
556 3079 693 3131 enim
734 3077 850 3150 ipfis
869 3075 1191 3148 opulentiam
1212 3070 1687 3127 immarcescibilem
1727 3085 1852 3123 terra
1882 3087 1996 3139 pro-

351 3150 535 3206 Passim
559 3169 745 3223 nempe
783 3170 837 3202 m
861 3148 1074 3221 rupibus
1099 3144 1274 3200 subtus
1299 3165 1437 3200 venae
1464 3147 1670 3219 pariunt
1812 3142 1993 3266 A[fem

1864 3230 1994 3266 ureae
