2039 3495
225 114 355 182 114
606 91 1620 166 INTERPRETATIO.

362 201 614 260 continens,
651 198 704 251 ὃ(
733 212 955 271 utraque
980 196 1136 251 valde
1161 197 1229 251 ad
1257 201 1479 255 austrum
1503 200 1658 277 serpit

366 271 425 321 ln
451 288 609 332 mare,
645 271 901 343 Cheisomffb
936 269 1111 323 similis
1136 269 1320 325 forma.

365 341 668 394 Continenti
693 343 809 396 Rex
828 343 935 396 late
961 342 1276 405 dominatur,
1309 345 1516 399 nomine
1541 349 1699 419 Mogul
1725 368 1746 414 3

362 413 454 465 Est
481 412 695 484 quidem
721 415 810 469 ubi
832 418 1007 467 Dellam
1034 414 1315 478 inhabitat,
1352 417 1423 469 est
1442 418 1532 471 ubi
1557 425 1747 491 Agram.

227 498 324 554 '965
367 484 450 541 Ad
478 483 711 539 occasum
741 487 1018 559 porrigitur
1037 487 1089 538 in
1116 488 1296 539 occidua
1324 488 1577 561 Cbevsomsso

365 557 475 610 Ora
507 560 808 618 Malabarica,
844 559 896 611 ἃ
921 558 1241 611 Coromandelis
1269 559 1338 611 ad
1367 575 1536 614 ortum
1563 584 1585 629 5

364 629 477 681 Ubi
508 629 745 700 Angliaci
777 631 811 666 *
832 635 1004 701 Georgii
1024 631 1171 682 turris
1196 632 1413 686 munita.

360 698 467 754 Sed
498 701 767 773 Bengalici
788 702 919 754 finus
949 701 1109 756 altera
1140 723 1202 756 ex
1229 719 1393 776 parte,
1433 704 1640 757 orientali

363 775 422 825 I'n
452 772 701 845 Chersoneso
728 775 840 836 viri,
881 775 970 845 qui
996 779 1113 846 Pegu
1140 774 1392 838 incolunt,

222 866 325 915 970
365 845 579 916 Quique
601 852 728 898 Siam
756 846 1073 910 inhabitant,
1110 848 1163 900 &
1185 849 1444 899 Malaccam
1469 863 1771 915 extremam,

362 916 601 989 Aliaeque
625 918 781 972 valde
807 919 1029 971 divitum
1053 919 1325 972 hominum
1347 935 1525 992 gentes
1554 920 1747 976 multae.
1794 935 1796 937 ’

360 988 475 1041 Illic
501 990 640 1042 enim
670 989 915 1044 immensa
943 992 1013 1044 est
1037 993 1143 1044 auri
1172 994 1334 1063 orig0‚

360 1060 542 1131 Qare
568 1062 696 1115 olim
722 1064 1006 1117 vocabatur
1030 1085 1168 1116 aurea
1196 1063 1482 1136 Chersonffu‘s.

433 1133 525 1186 Est
551 1152 725 1189 autem
753 1136 976 1207 quidam,
996 1135 1124 1188 olim
1149 1136 1419 1189 mirandus
1454 1135 1524 1189 ad
1550 1136 1715 1190 undas
1740 1135 1947 1208 Gangis

218 1223 314 1273 975
361 1205 528 1259 Locus
555 1206 843 1261 honoratus
874 1228 934 1261 ac
962 1206 1116 1271 sacer,
1157 1227 1310 1280 quem
1354 1207 1482 1261 olim
1510 1209 1747 1262 Bacchus

360 1279 525 1331 Iratus
553 1280 791 1342 calcavit,
836 1299 998 1352 quum
1026 1296 1343 1334 mutarentur
1368 1281 1585 1351 quidem
1604 1279 1788 1335 molles

360 1351 669 1414 Maenadum
697 1352 931 1405 nebrides
956 1353 1006 1403 in
1035 1353 1264 1425 clypeOS,
1296 1354 1346 1405 in
1375 1350 1544 1406 ensem
1569 1356 1693 1406 vero

357 1422 547 1494 Thyrsi
574 1441 982 1496 prorumperent,
1012 1441 1172 1497 atque
1193 1425 1245 1476 in
1269 1423 1457 1496 spiram
1475 1425 1759 1480 draconum

357 1494 635 1565 Balteique
668 1498 721 1550 &
759 1497 980 1567 capreoli
1021 1494 1257 1550 flexuosae
1283 1498 1421 1560 vitis,

214 1569 316 1636 980
354 1568 509 1621 Tunc
534 1588 650 1621 cum
679 1587 783 1641 prae
810 1568 1023 1622 stultitia
1055 1570 1154 1622 Dei
1175 1567 1513 1641 despexerunt
1536 1567 1738 1631 festum,

361 1639 721 1709 Qiamobrem
742 1640 963 1712 NJffaeam
989 1641 1206 1714 quidem
1233 1641 1392 1712 vulgo
1424 1642 1662 1695 dixerunt
1699 1642 1854 1695 viam.

350 1713 548 1765 Decore
574 1731 743 1767 autem
771 1713 1093 1767 celebrarunt
1118 1733 1234 1767 cum
1262 1713 1435 1766 liberis
1463 1715 1608 1784 orgia
1637 1713 1832 1766 omnia.

354 1787 400 1836 Is
428 1785 788 1858 vero,quando
816 1803 994 1856 gentes
1016 1789 1282 1857 nigrorum
1309 1785 1593 1839 debellavit
1621 1785 1892 1849 Indorum,

196 1912 206 1919 ,
353 1860 543 1908 Emodoe
568 1875 766 1910 montes
793 1856 975 1911 adiisse
1000 1857 1139 1913 fama
1170 1857 1337 1912 refert.

213 1929 309 1996 985
353 1929 467 1981 Ubi
497 1928 698 1984 duabus
724 1929 978 1982 columnis
1001 1931 1173 2003 pofitis
1198 1932 1250 1983 in
1279 1931 1469 1984 finibus
1495 1945 1641 1984 terrae

353 2001 610 2054 Exultans
629 2003 696 2055 ad
727 2003 973 2055 fluentum
995 2003 1148 2056 rediit
1188 2004 1357 2075 Ismeni.

352 2075 542 2144 Neque
565 2074 746 2145 procui
773 2075 967 2127 abhinc
993 2076 1170 2129 statuit
1193 2074 1491 2129 Alexander
1522 2070 1651 2127 duas
1679 2073 1971 2136 columna3‚

355 2145 588 2217 Qando
605 2147 835 2199 Viffioria
850 2147 1064 2200 celerem
1078 2145 1273 2201 secutus
1290 2148 1360 2200 est
1383 2146 1607 2201 Macedo
1622 2145 1689 2201 ad
1709 2144 1863 2198 Indos
1878 2143 1995 2215 usq,

790 2287 846 2351 C
899 2288 956 2351 A
1006 2287 1074 2356 P.
1171 2287 1430 2356 XXIX.

275 2376 373 2441 De
408 2378 564 2442 „Sinis
591 2376 672 2448 ὠ
712 2376 960 2443 Seriffl’us
991 2383 1056 2444 in
1081 2377 1381 2444 hodierna
1407 2374 1602 2443 China
1625 2375 1759 2443 olim
1780 2375 1928 2462 fitz&

408 2503 619 2573 sErum
661 2504 790 2556 ultra
825 2502 1001 2568 Indos,
1043 2506 1092 2559 8(
1124 2503 1246 2557 solis
1288 2501 1356 2556 ad
1377 2518 1565 2566 ortum,

207 2594 308 2642 990
483 2574 653 2647 Ipsum
683 2577 749 2629 ad
778 2596 1046 2640 oceanum,
1103 2576 1335 2631 Afiaticae
1362 2572 1673 2627 continentis

349 2646 572 2699 Terram
592 2664 871 2701 extremam
900 2648 1078 2701 incolit
1106 2647 1265 2721 sagax
1299 2666 1421 2719 gens

345 2719 639 2788 Chimaqfium,
683 2721 771 2791 qui
802 2721 1026 2791 antiquis
1058 2719 1234 2789 (fama
1264 2721 1364 2789 est)
1404 2719 1499 2771 orti
1528 2715 1663 2788 sunp

343 2796 460 2841 Sinis
490 2816 502 2844 ι
548 2790 631 2843 Illi
661 2791 848 2844 etenim
875 2791 1072 2845 ibidem
1096 2792 1395 2845 habitantes
1620 2793 1621 2800 ’

345 2863 491 2913 Chinae
512 2863 772 2916 hodiernae
799 2864 1060 2935 regionem
1082 2864 1433 2918 australiorem
1461 2874 1745 2917 tenuerunt.

203 2946 301 3000 995
346 2933 448 2984 Sed
469 2934 808 2988 borealiorem
836 2937 1094 3005 regionem
1125 2939 1340 3005 (vocant
1367 2932 1526 2987 hodie
1551 2940 1778 2997 Cataiam,

352 3004 461 3056 Ubi
494 3012 700 3078 Pequinae
721 3004 965 3059 immensa
995 3009 1064 3061 est
1094 3007 1252 3077 urbs)

345 3076 648 3130 Incolebant
675 3077 953 3151 priscorum
977 3085 1131 3132 Serum
1166 3094 1342 3153 gentes
1357 3077 1610 3142 barbarae,

513 3191 533 3209 ’‘
569 3188 723 3249 Vulgo
754 3192 797 3234 S.
815 3171 988 3246 ‘ceo-sgk’s
1023 3193 1125 3249 Fert.

1825 3240 1984 3299 Talis
