2008 3495
146 83 228 146 72
853 55 1288 126 NOTAE.

152 189 315 223 nervae
333 166 545 219 nomine
562 177 833 226 notantur,
877 166 960 217 eui
1009 165 1379 240 stratagemata-
1413 170 1587 221 omnia
1618 173 1926 239 tribuuntur,

153 241 308 312 quale
332 239 430 292 fuit
455 236 587 290 illud
614 236 679 289 de
709 253 843 307 equo
868 235 1059 307 ligneo,
1100 239 1165 294 de
1194 259 1301 311 quo
1328 241 1609 312 Virgilius:

505 309 652 377 Instar
677 316 836 360 montis
861 330 1022 378 equum
1047 310 1207 364 divina
1234 313 1432 365 Palladis
1450 332 1551 366 arte

504 380 792 450 AEdficant.
822 413 1096 430 —-—---

152 454 156 457 ”
219 478 267 510 v.
292 465 413 524 674.
435 452 571 505 ΤνἽνδέ
588 452 705 515 μέτ’,
728 454 971 521 Αἲολὲἕῶ]
1000 456 1124 509 Non
1138 456 1311 508 statim
1333 456 1444 527 post
1463 455 1735 529 Phrygiam
1759 461 1923 514 mino·

144 550 251 583 rem
279 527 543 582 AEolidem
564 524 806 578 describit
831 524 1146 584 Ptolemaeus.
1191 528 1411 600 Mysiam
1428 529 1565 581 enim
1590 530 1830 594 maiorem
1860 535 1934 586 in·-

147 602 392 675 terponit,
420 602 471 653 in
498 618 601 671 qua
631 598 932 651 Antandrus
960 599 1014 651 &
1042 602 1446 672 Adramyttium,
1475 602 1526 654 ὃ(
1558 604 1607 652 in
1631 595 1932 658 Mediterra-

149 677 255 730 neis
279 675 553 744 Pergamus
581 668 744 722 Attali
764 671 1074 724 &Eumenis
1101 674 1225 725 olim
1240 674 1398 744 regia,
1441 674 1489 725 8<
1521 673 1833 744 Pergameno
1861 677 1931 729 ibi

150 747 360 799 invento
382 743 616 798 celebris.
647 741 775 794 Plin.
800 757 993 807 tamen,
1015 743 1106 797 lib.
1131 766 1174 813 5.
1202 764 1314 817 cap.-
1342 765 1418 811 30.
1451 747 1698 818 Dionysio
1726 748 1934 800 consen·

149 821 299 880 tienS,
319 816 699 889 Myfi‘aenomen
727 816 779 867 in
806 815 1068 868 AEolidem
1083 835 1333 870 mutatum
1361 815 1694 888 refert,atque
1719 822 1788 872 ita
1811 822 1937 872 AEo·

148 890 312 945 Iidem
345 889 422 941 ad‘
453 885 721 942 Troadem
765 884 926 958 ipsam
963 889 1179 942 AEolicis
1208 891 1425 942 coloniis
1454 907 1763 963 occupatam
1789 890 1937 946 fuiffe

144 961 318 1024 refert,
347 959 482 1014 unde
501 962 553 1013 &
582 956 747 1030 ipsam
775 957 975 1012 AEolidi
1004 959 1210 1033 adjicit:
1260 963 1328 1014 fic
1344 962 1483 1015 Mela
1512 962 1603 1015 lib.
1633 984 1677 1019 1.
1704 983 1818 1035 cap.
1857 965 1934 1020 18.

146 1034 339 1088 Verum
361 1031 588 1085 diversas
604 1029 747 1084 fuifi'e
758 1051 818 1084 ea
834 1030 900 1084 de
913 1052 966 1084 re
977 1049 1201 1086 veterum
1224 1032 1498 1087 sententias
1520 1037 1708 1089 Strabo
1729 1035 1835 1108 ipse
1859 1034 1937 1089 fa-

147 1122 309 1160 tetur:
329 1104 473 1177 quod
495 1103 707 1176 quidem
735 1103 853 1157 inde
880 1103 1089 1168 accidit,
1117 1105 1514 1179 quod-dispersae
1539 1106 1938 1179 fuerintquaedfi

145 1178 359 1233 AEolum
378 1177 596 1231 coloniae
615 1178 667 1229 in
688 1192 801 1230 tota
820 1176 1048 1230 Troadis
1067 1181 1120 1231 &
1146 1181 1323 1252 Myfiae
1338 1178 1538 1250 majoris
1550 1201 1655 1243 ora,
1684 1182 1824 1234 unde
1845 1181 1941 1234 ali-

145 1253 239 1323 qui
265 1272 350 1304 eas
373 1266 505 1304 totas
522 1249 722 1303 AEolidi
742 1246 1040 1316 accensent5
1069 1251 1181 1314 alii,
1210 1251 1473 1306 Troadem
1500 1253 1846 1316 excludentes,
1863 1270 1940 1306 to·

145 1340 257 1377 tam
282 1323 461 1397 Myfiae
475 1342 621 1375 oram
641 1321 974 1383 maritimam,
992 1323 1079 1375 ubi
1102 1323 1318 1376 coloniae
1340 1344 1411 1377 eae
1425 1326 1723 1389 crebriores,
1738 1325 1939 1378 AEolidi

149 1394 497 1468 adjiciendam
521 1392 759 1460 censent-3
790 1411 910 1464 quae
930 1394 1083 1448 Plinii
1103 1394 1347 1449 sententia
1376 1398 1465 1460 est,
1497 1399 1822 1471 quiMyfiam
1835 1419 1939 1451 me-

147 1467 499 1522 diterraneam
519 1468 665 1521 Caici
695 1465 924 1520 fontibus
948 1469 1169 1521 vicinam
1211 1472 1394 1540 (qu-am
1428 1470 1832 1524 Teuthrantiam
1850 1491 1941 1522 vo-

147 1557 250 1604 cat,
279 1544 306 1593 ἐι
327 1541 656 1594 Teuthrante
677 1538 905 1609 Telephi
933 1543 1194 1612 patre-,qui
1206 1543 1281 1593 ibi
1304 1541 1429 1594 olim
1444 1545 1706 1614 regnavit)
1726 1544 1790 1596 ab
1815 1545 1941 1596 AEo-

144 1613 253 1667 lide
272 1613 561 1684 distinguit.
586 1610 687 1664 Sed
708 1613 923 1666 AEolicae
945 1612 1174 1676 coloniae,
1197 1616 1459 1685 quaeinter
1477 1617 1724 1687 Cyzicum
1747 1617 1799 1668 &
1818 1617 1942 1669 Cai-

145 1706 262 1740 cum
291 1685 505 1738 fluvium
523 1700 726 1737 tantum
748 1682 923 1757 sparsae
945 1681 1269 1757 fuere‚·longe
1287 1684 1532 1758 majorem
1555 1703 1758 1758 partem
1774 1690 1942 1758 reg-io⁴

143 1762 225 1813 nis
247 1759 377 1810 inter
395 1758 613 1810 Caicum
627 1758 679 1809 ἃ
695 1760 951 1809 Hermum
967 1757 1150 1811 fluvios
1164 1757 1433 1829 interje&ae
1455 1778 1788 1832 occuparunt,
1819 1761 1943 1813 teste

145 1831 421 1885 Strabone.
496 1830 632 1881 Hinc
662 1828 962 1882 Ptolemaeus
980 1849 1096 1883 eam
1120 1848 1318 1883 tantum
1340 1832 1619 1902 regionem,
1668 1853 1782 1904 quae
1811 1834 1944 1886 inter

147 1903 368 1958 Caicum
389 1903 442 1955 ἃ
465 1903 724 1955 Hermum·
750 1902 857 1965 fita,
878 1902 966 1954 ubi
990 1903 1309 1956 creberrimae
1324 1903 1532 1957 AEolum
1548 1904 1946 1975 coloniae,atque

146 1974 257 2049 ipsa
281 1973 593 2045 Metro-polis
636 1976 818 2036 Cume,
864 1973 1127 2027 AEolidem
1150 1992 1431 2048 nuncupat,
1481 1978 1675 2049 quippe
1700 1997 1814 2048 quae
1840 1977 1946 2030 fere

147 2063 260 2101 tota
286 2046 354 2099 ab
383 2045 625 2099 AEolibus
652 2064 903 2118 occupata
928 2048 1018 2110 est,
1045 2068 1163 2100 cum
1184 2051 1233 2100 in
1251 2049 1417 2121 Mysia
1441 2050 1493 2102 ὃς
1518 2049 1730 2103 Troade
1756 2066 1947 2102 veteres

151 2119 337 2173 incolae
369 2120 585 2172 Graecos
614 2118 684 2171 ibi
713 2118 955 2189 degentes
985 2140 1199 2173 nurnero
1224 2120 1528 2193 superarent.

215 2213 263 2244 v.
292 2201 412 2258 675.
437 2193 775 2258 Παρρὲχεῖλίέκ]
800 2193 962 2244 Maris
981 2192 1156 2245 littora
1178 2195 1229 2247 8<
1254 2195 1527 2247 fluviorum
1542 2193 1661 2266 ripae
1683 2194 1947 2265 metapho-

145 2266 245 2318 rice
272 2265 418 2330 χείλη,
452 2263 549 2316 hoc
579 2264 649 2316 est
682 2265 829 2326 labra,
856 2262 1115 2328 dicuntur,
1172 2268 1244 2318 uti
1270 2267 1321 2319 &
1347 2266 1536 2319 Latina
1560 2286 1660 2318 vox
1680 2288 1759 2318 ora
1782 2268 1850 2318 ab
1876 2288 1947 2318 ore

148 2336 441 2399 deducitur,
468 2334 614 2406 quod
643 2337 986 2390 extremitates·
1014 2338 1110 2390 fint
1150 2337 1394 2409 quaedam
1422 2338 1512 2391 fibi
1546 2339 1760 2391 invicem
1785 2356 1952 2410 oppo-

144 2410 266 2472 fit-ae,
304 2428 420 2462 cum
450 2408 673 2460 cavitate
707 2406 1031 2472 intermedia,
1071 2426 1127 2462 ut
1151 2410 1296 2463 labra
1328 2412 1461 2463 circa
1491 2432 1561 2467 OS.

219 2502 266 2538 v,
298 2489 417 2547 678.
451 2481 717 2545 Maioma&
739 2481 975 2550 λιπαςῇσι]
1025 2481 1232 2535 Fluvius
1269 2483 1351 2536 hic
1384 2484 1611 2554 obliquis
1637 2482 1688 2536 3<
1718 2483 1952 2537 tortuosis

151 2554 377 2607 flexibus
403 2568 554 2605 notus
581 2553 667 2607 est.
743 2553 881 2606 Hinc
909 2554 1128 2626 obliqua
1156 2555 1389 2619 consilia,
1444 2573 1535 2610 aut-
1550 2555 1819 2609 verborum
1839 2574 1957 2608 am*-

148 2627 211 2679 ba
221 2645 307 2698 ges
335 2624 727 2697 proverbialiter
753 2627 972 2679 Maeandrt
1011 2627 1112 2679 dici
1138 2625 1315 2681 solent.

220 2720 268 2751 v.
302 2700 423 2754 681,
453 2698 661 2757 Meya'mes
689 2695 1097 2769 πόλινἸοχεοιέρυς]
1152 2700 1337 2766 Diana,
1396 2718 1506 2770 quae
1537 2699 1661 2753 luna
1688 2699 1952 2762 est‹,1vena-

153 2771 256 2824 trix
285 2772 515 2841 fingitur,
544 2772 595 2824 ὃς
628 2767 888 2834 Ἰοχὲόαερι,
943 2774 1087 2846 quod
1128 2771 1301 2825 radios
1351 2769 1462 2825 suos
1507 2788 1757 2844 tanquam
1775 2770 1951 2844 jacula

150 2844 374 2906 emittat,
412 2842 493 2894 vel
522 2843 665 2913 quod
696 2858 960 2898 venatores
986 2847 1138 2899 nocht
1170 2844 1338 2897 lunari
1366 2844 1558 2898 lumine
1584 2844 1863 2914 indigeant.

223 2936 271 2967 v.
294 2917 413 2982 683.
450 2914 616 2982 Πρὲμνῳ
645 2915 695 2966 ἐἰ-ι
723 2914 935 2985 πτελέης]
965 2919 1101 2971 Hinc
1126 2914 1376 2989 Ephesus,
1403 2916 1485 2969 seu
1520 2918 1686 2988 potius
1711 2914 1811 2987 ejus
1837 2935 1955 2988 pars
2007 2979 2008 2990 γ

152 2987 204 3039 in
229 3007 331 3060 qua
360 2990 619 3059 templum.
638 3004 745 3042 erat
764 2990 1051 3053 conditum,
1076 3039 1081 3047 A
1102 2989 1231 3041 olim
1277 2988 1546 3063 appellata
1574 2988 1646 3042 est
1695 2990 1863 3051 Ptelea,
1896 3003 1956 3041 ut
2007 3007 2008 3018 ³

152 3058 300 3122 refert
337 3059 548 3114 Plinius.

178 3144 181 3146 ·
221 3134 469 3193 maulaio»
492 3135 684 3201 θαὶΐμρι]
716 3189 718 3195 ,
748 3133 948 3187 Nobile
983 3130 1175 3186 scili'cet
1194 3131 1315 3184 =hoc
1338 3131 1520 3186 Dianae
1547 3131 1956 3206 templum-inter

152 3202 345 3279 septem
372 3204 529 3260 Orbis
555 3204 804 3260 miracula
826 3206 1077 3260 numerari
1100 3202 1429 3278 scilitumesp'

668 3292 670 3294 ·
1745 3294 1799 3329 v.
1831 3282 1955 3344 691.
