2034 3490
517 64 1496 138 INTERPRETATIO.
1800 70 1885 158 39

218 167 557 230 Extenditur,
588 168 676 220 ille
698 170 816 220 vero
840 166 1034 236 Pefficus
1058 164 1282 218 trahitur
1304 185 1469 241 prope
1493 168 1561 223 ad
1583 173 1850 227 orientem.

288 241 498 294 Exinde
523 241 672 292 Sinus
701 245 969 312 Gangeticus
991 253 1160 290 ortum
1188 236 1351 292 versus

212 315 441 376 Reboat,
478 331 632 383 quem
653 313 810 365 etiam
829 330 964 364 nun-c
990 312 1270 380 Bmgalicum
1284 327 1490 365 vocant.

287 385 525 441 Aliorum
547 399 740 446 autem,
768 385 858 453 qui
880 384 1013 434 intra
1034 383 1322 437 Americam
1345 381 1459 436 sunt

116 482 175 528 70
215 458 411 520 Ambo,
433 455 515 508 hic
535 455 748 526 quidem
777 453 932 527 serpit
958 454 1026 507 ad
1054 452 1296 508 receffum
1314 456 1600 510 Mexicanae
1619 473 1777 521 terrae,

213 535 506 582 Mexicanum
530 528 686 597 igitur
712 528 892 580 Sinum
914 527 1317 599 cognominant:
1757 525 1761 528 ⁵

212 602 371 655 Illum
402 601 521 653 vero
549 598 696 671 sup-ra
729 599 800 652 ad
827 598 1006 652 Arctos
1018 598 1530 668 Hudsbnium-vocant,

217 675 327 740 Qui
347 671 502 725 valde
522 670 837 743 expanditur
857 672 991 724 intra
1018 662 1301 740 Hudsonium
1325 669 1527 725 fretum.

286 748 397 800 Tot
417 743 633 814 quidem
653 746 801 797 Sinus
828 742 1070 815 profundi
1097 741 1297 795 Oceani

115 842 169 887 75
216 815 477 889 Majores3
520 815 714 884 (Lacus
731 818 866 869 enim
895 812 1165 868 immensus
1191 816 1261 868 est
1290 835 1433 869 mare

212 890 434 962 Caspium,
464 887 606 958 quod
627 890 678 941 &
707 892 984 956 Hyrcanium
1011 888 1266 940 vocitatur
1295 886 1441 951 alias,

211 962 414 1017 Totum
438 957 728 1031 separatum
748 967 775 1013 a
795 958 1008 1013 caeruleo
1036 959 1264 1013 Oceano,

214 1034 552 1105 Qapropter
577 1031 741 1105 ipsum
760 1030 893 1085 falso
915 1033 1126 1085 nomine
1151 1034 1334 1087 Sinum
1358 1031 1602 1087 dixerunt

214 1106 458 1177 Antiqui)
497 1103 586 1158 alii
616 1109 734 1158 vero
762 1107 1011 1159 innumeri
1040 1102 1173 1159 sunt.

793 1232 850 1298 C
885 1233 943 1298 A
977 1230 1046 1296 P.
1108 1229 1221 1296 IV.

480 1334 936 1405 Mediterranei
970 1339 1144 1402 marie
1179 1333 1520 1424 descriptio·

110 1471 176 1523 80
342 1465 462 1517 Unc
489 1464 805 1516 Mediterranei
827 1460 1224 1522 marisreferam
1249 1477 1497 1527 meatum,

374 1537 630 1609 Incipiens
657 1535 840 1588 ordine
861 1537 929 1588 ab
954 1534 1174 1589 occiduo
1202 1534 1434 1590 OceanO.

212 1609 325 1661 Ubi
352 1611 508 1663 etiam
534 1611 755 1660 Columnae
782 1608 833 1660 in
861 1608 1053 1662 finibus
1078 1610 1279 1660 Herculis

210 1685 362 1736 Stant
389 1685 596 1752 (ingens
614 1679 948 1751 miraculum)
979 1679 1047 1734 ad
1069 1695 1322 1734 extremas
1349 1678 1495 1732 Gades
1518 1702 1537 1747 3

210 1757 339 1809 Haec
362 1755 572 1826 quidem
593 1755 644 1805 in
665 1753 872 1825 Europa
890 1755 1118 1807 vocitata
1140 1754 1212 1806 est
1240 1753 1449 1805 nomine
1476 1754 1621 1825 Calpe,

109 1832 169 1899 85
215 1827 316 1882 Illa
344 1830 464 1880 vero
492 1827 636 1896 Abyla
657 1828 685 1878 ὲ
709 1828 914 1897 regione
940 1823 1088 1899 super
1119 1825 1376 1898 Lybicam
1403 1841 1607 1878 terram.

287 1899 389 1954 Sed
419 1898 796 1954 Columnarum
823 1898 1096 1953 ambarum
1123 1899 1174 1950 in
1202 1897 1374 1951 medio
1399 1897 1621 1951 trahitur

210 1974 436 2036 Fretum,
474 1971 618 2045 quod
638 1970 875 2025 dixerunt
902 1973 933 2008 *
951 1971 1235 2035 Gediricum,
1264 1986 1422 2042 atque
1449 1971 1606 2023 etiam
1634 1968 1784 2025 aliter

212 2047 511 2111 Herculcum,
548 2063 682 2097 nunc
707 2059 879 2097 autem
907 2044 1048 2097 idem
1073 2043 1497 2114 cognominatum
1528 2044 1601 2097 est

213 2118 296 2170 Ab
322 2118 445 2170 urbe
464 2118 717 2169 Gibmltare
744 2114 1041 2190 Hispanicis
1069 2116 1121 2168 in
1142 2118 1275 2187 agris
1303 2137 1320 2181 3

110 2209 174 2253 90
215 2189 380 2254 Urbe,
418 2192 496 2243 mi
521 2189 628 2242 late
653 2189 876 2261 imperat
899 2188 1198 2243 fortiffimus
1218 2189 1467 2258 Anglorum
1487 2187 1618 2241 Rex.

213 2262 302 2315 Est
318 2279 490 2316 autem
509 2262 605 2315 hoc
619 2263 827 2314 Fretum
846 2279 1142 2316 caeterorum
1167 2261 1400 2313 omnium
1427 2258 1894 2332 praestantiffimum

209 2336 570 2405 ‘Navigatione
594 2361 604 2386 :
647 2335 816 2387 nautis
833 2335 987 2406 igitur
1007 2334 1192 2387 dicitur
1213 2352 1303 2406 per
1330 2333 1668 2385 eminentiam
1693 2335 1891 2387 Fretum.

287 2408 542 2480 Deinceps
567 2405 724 2460 fertur
751 2406 821 2459 ad
847 2408 1042 2462 Eurum
1067 2408 1290 2458 Ibericum
1311 2424 1466 2458 mare.

213 2481 330 2532 Hoc
361 2497 531 2533 autem
558 2480 749 2551 excipit
777 2499 917 2533 mare
943 2484 1184 2542 Gallicum,
1226 2476 1374 2549 quod
1401 2478 1454 2531 &
1483 2474 1612 2528 alias

108 2569 169 2620 95
212 2555 477 2625 Maffilicum
506 2573 639 2606 nunc
664 2548 900 2606 homines
928 2551 1231 2626 appellant:
1273 2551 1347 2603 ibi
1372 2552 1509 2603 enim
1537 2548 1611 2601 est

214 2628 411 2697 Maffiliae
438 2625 578 2690 urbs,
618 2644 830 2678 curvum
860 2643 1071 2697 portum
1097 2623 1353 2677 habentis.

286 2699 541 2770 Deinceps
574 2697 686 2769 post
713 2716 853 2750 mare
880 2698 998 2761 hoe,
1037 2696 1315 2768 Ligusticum
1353 2693 1575 2748 trahitur
1600 2711 1742 2748 mare
1771 2714 1791 2758 5

211 2769 328 2822 Ubi
359 2770 573 2841 Ligures
600 2769 781 2822 urbem
804 2770 1002 2824 Genuae
1029 2769 1284 2830 incolunt,

213 2841 548 2915 Qapropter
574 2840 709 2893 illud
732 2840 952 2915 Pelagus
972 2862 1102 2895 nunc
1126 2854 1316 2893 vocant
1343 2834 1577 2908 Genuense.

105 2932 200 2966 120
215 2914 471 2988 Deinceps
502 2916 621 2967 vero
650 2914 720 2967 acl
739 2913 958 2984 Cofficanz
983 2915 1239 2968 eructatur
1261 2908 1391 2964 salsa
1421 2928 1576 2982 aqua.

210 2985 329 3040 Post
355 2987 491 3042 hanc
514 3002 686 3039 autem
705 2987 974 3040 Sardonium
993 3001 1278 3040 murmurat
1303 3000 1464 3056 prope
1491 3000 1649 3035 mare.

207 3057 328 3114 Post
357 3060 456 3115 hoc
483 3073 656 3114 autem
684 3057 1070 3115 reboatflufihxs
1090 3058 1248 3114 maris
1270 3057 1505 3126 Tyrrheni,

423 3153 449 3178 ‘¹¹
459 3151 593 3195 Alite-t
607 3147 848 3192 Gaditanam.

1076 3200 1136 3253 M
1751 3193 1916 3269 Qiod
