<?xml version="1.0" encoding="UTF-8"?>
<!DOCTYPE html PUBLIC "-//W3C//DTD XHTML 1.0 Transitional//EN"
    "http://www.w3.org/TR/xhtml1/DTD/xhtml1-transitional.dtd">
<html xmlns="http://www.w3.org/1999/xhtml" xml:lang="en" lang="en">
 <head>
  <title>
</title>
<meta http-equiv="Content-Type" content="text/html;charset=utf-8" />
  <meta name='ocr-system' content='tesseract 3.04.00' />
  <meta name='ocr-capabilities' content='ocr_page ocr_carea ocr_par ocr_line ocrx_word'/>
</head>
<body>
  <div class='ocr_page' id='page_1' title='image "./tespalaikaitesny00dion_0155.png"; bbox 0 0 2034 3490; ppageno 0'>
   <div class='ocr_carea' id='block_1_1' title="bbox 486 57 1871 142">
    <p class='ocr_par' dir='ltr' id='par_1_1' title="bbox 486 57 1871 142">
     <span class='ocr_line' id='line_1_1' title="bbox 486 57 1871 142; baseline -0.009 -8"><span class='ocrx_word' id='word_1_1' title='bbox 486 57 1477 134; x_wconf 71' lang='lat' dir='ltr'><strong>INTERPRETATIO.</strong></span> <span class='ocrx_word' id='word_1_2' title='bbox 1744 76 1871 142; x_wconf 55' lang='grc' dir='ltr'>ης</span> 
     </span>
    </p>
   </div>
   <div class='ocr_carea' id='block_1_2' title="bbox 88 161 1665 526">
    <p class='ocr_par' dir='ltr' id='par_1_2' title="bbox 88 161 1665 526">
     <span class='ocr_line' id='line_1_2' title="bbox 229 161 1610 239; baseline -0.006 -16"><span class='ocrx_word' id='word_1_3' title='bbox 229 175 408 223; x_wconf 83' lang='lat' dir='ltr'>Aureae</span> <span class='ocrx_word' id='word_1_4' title='bbox 435 167 765 239; x_wconf 72' lang='lat' dir='ltr'>caeruleaeque</span> <span class='ocrx_word' id='word_1_5' title='bbox 789 165 1062 239; x_wconf 83' lang='lat' dir='ltr'>pulchrum</span> <span class='ocrx_word' id='word_1_6' title='bbox 1087 161 1319 234; x_wconf 76' lang='lat' dir='ltr'>lapidem</span> <span class='ocrx_word' id='word_1_7' title='bbox 1346 163 1610 236; x_wconf 74' lang='lat' dir='ltr'>sapphiri,</span> 
     </span>
     <span class='ocr_line' id='line_1_3' title="bbox 88 235 1488 311; baseline -0.006 -15"><span class='ocrx_word' id='word_1_8' title='bbox 88 263 181 311; x_wconf 80' lang='lat'>925</span> <span class='ocrx_word' id='word_1_9' title='bbox 226 242 267 294; x_wconf 91' lang='lat' dir='ltr'>E</span> <span class='ocrx_word' id='word_1_10' title='bbox 298 261 402 311; x_wconf 85' lang='lat' dir='ltr'>qua</span> <span class='ocrx_word' id='word_1_11' title='bbox 430 238 742 303; x_wconf 88' lang='lat' dir='ltr'>desecantes,</span> <span class='ocrx_word' id='word_1_12' title='bbox 776 235 1002 294; x_wconf 58' lang='lat' dir='ltr'>vifiluale</span> <span class='ocrx_word' id='word_1_13' title='bbox 1029 236 1253 308; x_wconf 85' lang='lat' dir='ltr'>pretium</span> <span class='ocrx_word' id='word_1_14' title='bbox 1278 235 1488 288; x_wconf 90' lang='lat' dir='ltr'>habent.</span> 
     </span>
     <span class='ocr_line' id='line_1_4' title="bbox 297 307 1500 383; baseline -0.01 -14"><span class='ocrx_word' id='word_1_15' title='bbox 297 314 409 369; x_wconf 89' lang='lat' dir='ltr'>Tot</span> <span class='ocrx_word' id='word_1_16' title='bbox 437 310 645 383; x_wconf 89' lang='lat' dir='ltr'>populis</span> <span class='ocrx_word' id='word_1_17' title='bbox 673 311 788 367; x_wconf 82' lang='lat' dir='ltr'>Rex</span> <span class='ocrx_word' id='word_1_18' title='bbox 814 308 1077 366; x_wconf 76' lang='lat' dir='ltr'>Persarum</span> <span class='ocrx_word' id='word_1_19' title='bbox 1103 326 1234 362; x_wconf 88' lang='lat' dir='ltr'>nunc</span> <span class='ocrx_word' id='word_1_20' title='bbox 1260 307 1500 377; x_wconf 83' lang='lat' dir='ltr'>imperat,</span> 
     </span>
     <span class='ocr_line' id='line_1_5' title="bbox 225 377 1665 454; baseline -0.004 -18"><span class='ocrx_word' id='word_1_21' title='bbox 225 383 394 437; x_wconf 84' lang='lat' dir='ltr'>Clarae</span> <span class='ocrx_word' id='word_1_22' title='bbox 417 382 644 454; x_wconf 74' lang='lat' dir='ltr'>Ispabanae</span> <span class='ocrx_word' id='word_1_23' title='bbox 667 382 847 439; x_wconf 87' lang='lat' dir='ltr'>urbem</span> <span class='ocrx_word' id='word_1_24' title='bbox 873 380 1300 436; x_wconf 81' lang='lat' dir='ltr'>mediterraneam</span> <span class='ocrx_word' id='word_1_25' title='bbox 1325 377 1621 432; x_wconf 76' lang='lat' dir='ltr'>inhabitans</span> <span class='ocrx_word' id='word_1_26' title='bbox 1650 399 1665 430; x_wconf 73' lang='grc' dir='ltr'><em>ε</em></span> 
     </span>
     <span class='ocr_line' id='line_1_6' title="bbox 229 451 1575 526; baseline -0.005 -18"><span class='ocrx_word' id='word_1_27' title='bbox 229 456 405 526; x_wconf 72' lang='lat' dir='ltr'>Perficae</span> <span class='ocrx_word' id='word_1_28' title='bbox 434 455 590 526; x_wconf 81' lang='lat' dir='ltr'>igitur</span> <span class='ocrx_word' id='word_1_29' title='bbox 618 467 801 507; x_wconf 84' lang='lat' dir='ltr'>omnes</span> <span class='ocrx_word' id='word_1_30' title='bbox 829 451 1084 526; x_wconf 65' lang='lat' dir='ltr'>praedi&amp;ae</span> <span class='ocrx_word' id='word_1_31' title='bbox 1103 467 1278 522; x_wconf 81' lang='lat' dir='ltr'><strong>gentes</strong></span> <span class='ocrx_word' id='word_1_32' title='bbox 1304 464 1575 504; x_wconf 83' lang='lat' dir='ltr'>vocantur.</span> 
     </span>
    </p>
   </div>
   <div class='ocr_carea' id='block_1_3' title="bbox 622 604 1303 675">
    <p class='ocr_par' dir='ltr' id='par_1_3' title="bbox 622 604 1303 675">
     <span class='ocr_line' id='line_1_7' title="bbox 622 604 1303 675; baseline -0.009 -1"><span class='ocrx_word' id='word_1_33' title='bbox 622 607 678 674; x_wconf 94' lang='lat' dir='ltr'>C</span> <span class='ocrx_word' id='word_1_34' title='bbox 730 609 790 674; x_wconf 88' lang='lat' dir='ltr'><strong>A</strong></span> <span class='ocrx_word' id='word_1_35' title='bbox 834 607 901 675; x_wconf 88' lang='lat' dir='ltr'>P.</span> <span class='ocrx_word' id='word_1_36' title='bbox 992 604 1303 673; x_wconf 76' lang='lat' dir='ltr'>XXVIII.</span> 
     </span>
    </p>
   </div>
   <div class='ocr_carea' id='block_1_4' title="bbox 265 723 1688 815">
    <p class='ocr_par' dir='ltr' id='par_1_4' title="bbox 265 723 1688 815">
     <span class='ocr_line' id='line_1_8' title="bbox 265 723 1688 815; baseline -0.004 -18"><span class='ocrx_word' id='word_1_37' title='bbox 265 732 359 797; x_wconf 85' lang='lat' dir='ltr'>De</span> <span class='ocrx_word' id='word_1_38' title='bbox 397 727 586 794; x_wconf 81' lang='lat' dir='ltr'><em>India</em></span> <span class='ocrx_word' id='word_1_39' title='bbox 616 727 922 815; x_wconf 74' lang='lat' dir='ltr'>orientali,</span> <span class='ocrx_word' id='word_1_40' title='bbox 974 732 1231 813; x_wconf 63' lang='lat' dir='ltr'>antiqua</span> <span class='ocrx_word' id='word_1_41' title='bbox 1256 725 1337 796; x_wconf 57' lang='grc' dir='ltr'><em>ὠ</em></span> <span class='ocrx_word' id='word_1_42' title='bbox 1365 723 1688 793; x_wconf 76' lang='lat' dir='ltr'>hodierna.</span> 
     </span>
    </p>
   </div>
   <div class='ocr_carea' id='block_1_5' title="bbox 77 877 1870 3117">
    <p class='ocr_par' dir='ltr' id='par_1_5' title="bbox 77 877 1870 3117">
     <span class='ocr_line' id='line_1_9' title="bbox 227 877 1860 989; baseline -0.005 -52"><span class='ocrx_word' id='word_1_43' title='bbox 227 888 326 989; x_wconf 82' lang='lat' dir='ltr'>O</span> <span class='ocrx_word' id='word_1_44' title='bbox 343 882 505 936; x_wconf 85' lang='lat' dir='ltr'>Rtum</span> <span class='ocrx_word' id='word_1_45' title='bbox 533 896 705 935; x_wconf 83' lang='lat' dir='ltr'>autem</span> <span class='ocrx_word' id='word_1_46' title='bbox 730 877 1134 942; x_wconf 68' lang='lat' dir='ltr'>versus‚1nd0rum</span> <span class='ocrx_word' id='word_1_47' title='bbox 1161 896 1364 933; x_wconf 81' lang='lat' dir='ltr'>amoena</span> <span class='ocrx_word' id='word_1_48' title='bbox 1378 877 1688 950; x_wconf 78' lang='lat' dir='ltr'>expanditur</span> <span class='ocrx_word' id='word_1_49' title='bbox 1706 888 1860 943; x_wconf 79' lang='lat' dir='ltr'>terra,</span> 
     </span>
     <span class='ocr_line' id='line_1_10' title="bbox 368 948 1724 1024; baseline -0.001 -18"><span class='ocrx_word' id='word_1_50' title='bbox 368 954 547 1024; x_wconf 83' lang='lat' dir='ltr'>Qam</span> <span class='ocrx_word' id='word_1_51' title='bbox 572 958 763 1005; x_wconf 77' lang='lat' dir='ltr'>exoriens</span> <span class='ocrx_word' id='word_1_52' title='bbox 793 952 1046 1006; x_wconf 89' lang='lat' dir='ltr'>Divorum</span> <span class='ocrx_word' id='word_1_53' title='bbox 1077 948 1143 1001; x_wconf 83' lang='lat' dir='ltr'>ad</span> <span class='ocrx_word' id='word_1_54' title='bbox 1173 967 1328 1021; x_wconf 79' lang='lat' dir='ltr'>opera</span> <span class='ocrx_word' id='word_1_55' title='bbox 1354 951 1407 1006; x_wconf 63' lang='grc' dir='ltr'>ὃς</span> <span class='ocrx_word' id='word_1_56' title='bbox 1434 951 1724 1013; x_wconf 81' lang='lat' dir='ltr'>hominum,</span> 
     </span>
     <span class='ocr_line' id='line_1_11' title="bbox 225 1023 976 1100; baseline -0.009 -18"><span class='ocrx_word' id='word_1_57' title='bbox 225 1027 317 1082; x_wconf 89' lang='lat' dir='ltr'>Sol</span> <span class='ocrx_word' id='word_1_58' title='bbox 345 1026 524 1100; x_wconf 90' lang='lat' dir='ltr'>primis</span> <span class='ocrx_word' id='word_1_59' title='bbox 554 1024 775 1078; x_wconf 81' lang='lat' dir='ltr'>illustrat</span> <span class='ocrx_word' id='word_1_60' title='bbox 802 1023 976 1079; x_wconf 86' lang='lat' dir='ltr'>radiis.</span> 
     </span>
     <span class='ocr_line' id='line_1_12' title="bbox 228 1091 1758 1169; baseline -0.006 -16"><span class='ocrx_word' id='word_1_61' title='bbox 228 1101 347 1169; x_wconf 75' lang='lat' dir='ltr'>(Est</span> <span class='ocrx_word' id='word_1_62' title='bbox 370 1099 505 1152; x_wconf 89' lang='lat' dir='ltr'>enim</span> <span class='ocrx_word' id='word_1_63' title='bbox 527 1096 630 1152; x_wconf 78' lang='lat' dir='ltr'>alia</span> <span class='ocrx_word' id='word_1_64' title='bbox 654 1113 786 1152; x_wconf 83' lang='lat' dir='ltr'>terra</span> <span class='ocrx_word' id='word_1_65' title='bbox 814 1093 1165 1151; x_wconf 71' lang='lat' dir='ltr'>habitantium</span> <span class='ocrx_word' id='word_1_66' title='bbox 1192 1091 1261 1147; x_wconf 88' lang='lat' dir='ltr'>ad</span> <span class='ocrx_word' id='word_1_67' title='bbox 1291 1091 1497 1163; x_wconf 74' lang='lat' dir='ltr'>occasum</span> <span class='ocrx_word' id='word_1_68' title='bbox 1519 1095 1758 1164; x_wconf 73' lang='lat' dir='ltr'>Indorum)</span> 
     </span>
     <span class='ocr_line' id='line_1_13' title="bbox 221 1163 1600 1240; baseline -0.006 -14"><span class='ocrx_word' id='word_1_69' title='bbox 221 1171 370 1226; x_wconf 88' lang='lat' dir='ltr'>Illius</span> <span class='ocrx_word' id='word_1_70' title='bbox 397 1169 719 1225; x_wconf 80' lang='lat' dir='ltr'>habitatores</span> <span class='ocrx_word' id='word_1_71' title='bbox 746 1167 957 1240; x_wconf 85' lang='lat' dir='ltr'>quidem</span> <span class='ocrx_word' id='word_1_72' title='bbox 986 1183 1198 1237; x_wconf 72' lang='lat' dir='ltr'>corpore</span> <span class='ocrx_word' id='word_1_73' title='bbox 1225 1163 1444 1219; x_wconf 83' lang='lat' dir='ltr'>subfusci</span> <span class='ocrx_word' id='word_1_74' title='bbox 1470 1163 1600 1231; x_wconf 85' lang='lat' dir='ltr'>sunt,</span> 
     </span>
     <span class='ocr_line' id='line_1_14' title="bbox 224 1236 1256 1314; baseline -0.011 -15"><span class='ocrx_word' id='word_1_75' title='bbox 224 1245 359 1299; x_wconf 84' lang='lat' dir='ltr'>Mire</span> <span class='ocrx_word' id='word_1_76' title='bbox 385 1245 622 1314; x_wconf 54' lang='lat' dir='ltr'>pingam,</span> <span class='ocrx_word' id='word_1_77' title='bbox 662 1238 947 1311; x_wconf 69' lang='lat' dir='ltr'>similesque</span> <span class='ocrx_word' id='word_1_78' title='bbox 972 1236 1256 1309; x_wconf 85' lang='lat' dir='ltr'>hyacintho</span> 
     </span>
     <span class='ocr_line' id='line_1_15' title="bbox 83 1308 1379 1389; baseline -0.008 -16"><span class='ocrx_word' id='word_1_79' title='bbox 83 1338 177 1389; x_wconf 77' lang='lat'>935</span> <span class='ocrx_word' id='word_1_80' title='bbox 228 1314 580 1386; x_wconf 78' lang='lat' dir='ltr'>Pinguiffimas</span> <span class='ocrx_word' id='word_1_81' title='bbox 608 1314 808 1384; x_wconf 79' lang='lat' dir='ltr'>gestant</span> <span class='ocrx_word' id='word_1_82' title='bbox 833 1313 884 1365; x_wconf 89' lang='lat' dir='ltr'>in</span> <span class='ocrx_word' id='word_1_83' title='bbox 910 1308 1161 1382; x_wconf 85' lang='lat' dir='ltr'>capitibus</span> <span class='ocrx_word' id='word_1_84' title='bbox 1188 1327 1379 1362; x_wconf 78' lang='lat' dir='ltr'>comas,</span> 
     </span>
     <span class='ocr_line' id='line_1_16' title="bbox 298 1377 1694 1456; baseline -0.004 -15"><span class='ocrx_word' id='word_1_85' title='bbox 298 1390 502 1442; x_wconf 86' lang='lat' dir='ltr'>Horum</span> <span class='ocrx_word' id='word_1_86' title='bbox 533 1402 704 1440; x_wconf 85' lang='lat' dir='ltr'>autem</span> <span class='ocrx_word' id='word_1_87' title='bbox 731 1382 946 1456; x_wconf 81' lang='lat' dir='ltr'>quidam</span> <span class='ocrx_word' id='word_1_88' title='bbox 973 1380 1085 1436; x_wconf 88' lang='lat' dir='ltr'>auri</span> <span class='ocrx_word' id='word_1_89' title='bbox 1109 1377 1395 1434; x_wconf 84' lang='lat' dir='ltr'>scrutantur</span> <span class='ocrx_word' id='word_1_90' title='bbox 1420 1380 1694 1453; x_wconf 72' lang='lat' dir='ltr'>originem,</span> 
     </span>
     <span class='ocr_line' id='line_1_17' title="bbox 227 1451 1487 1525; baseline -0.007 -11"><span class='ocrx_word' id='word_1_91' title='bbox 227 1464 452 1515; x_wconf 75' lang='lat' dir='ltr'>Are-nam</span> <span class='ocrx_word' id='word_1_92' title='bbox 475 1455 739 1510; x_wconf 81' lang='lat' dir='ltr'>fodientes</span> <span class='ocrx_word' id='word_1_93' title='bbox 778 1455 1000 1511; x_wconf 72' lang='lat' dir='ltr'>curvatis</span> <span class='ocrx_word' id='word_1_94' title='bbox 1038 1468 1156 1525; x_wconf 82' lang='lat' dir='ltr'>apte</span> <span class='ocrx_word' id='word_1_95' title='bbox 1182 1451 1443 1525; x_wconf 83' lang='lat' dir='ltr'>ligonibus</span> <span class='ocrx_word' id='word_1_96' title='bbox 1470 1476 1487 1519; x_wconf 77' lang='lat'>3</span> 
     </span>
     <span class='ocr_line' id='line_1_18' title="bbox 228 1523 1728 1597; baseline -0.005 -12"><span class='ocrx_word' id='word_1_97' title='bbox 228 1533 334 1585; x_wconf 82' lang='lat' dir='ltr'>Alii</span> <span class='ocrx_word' id='word_1_98' title='bbox 363 1531 494 1585; x_wconf 80' lang='lat' dir='ltr'>telas</span> <span class='ocrx_word' id='word_1_99' title='bbox 522 1544 701 1583; x_wconf 83' lang='lat' dir='ltr'>texunt</span> <span class='ocrx_word' id='word_1_100' title='bbox 727 1528 840 1582; x_wconf 90' lang='lat' dir='ltr'>lino</span> <span class='ocrx_word' id='word_1_101' title='bbox 869 1527 1166 1582; x_wconf 78' lang='lat' dir='ltr'>elaboratas</span> <span class='ocrx_word' id='word_1_102' title='bbox 1197 1550 1209 1579; x_wconf 73' lang='lat' dir='ltr'><strong><em>z</em></strong></span> <span class='ocrx_word' id='word_1_103' title='bbox 1255 1525 1358 1582; x_wconf 82' lang='lat' dir='ltr'>Alii</span> <span class='ocrx_word' id='word_1_104' title='bbox 1389 1523 1728 1597; x_wconf 82' lang='lat' dir='ltr'>elephantum</span> 
     </span>
     <span class='ocr_line' id='line_1_19' title="bbox 221 1599 1149 1658; baseline -0.009 0"><span class='ocrx_word' id='word_1_105' title='bbox 221 1603 494 1658; x_wconf 81' lang='lat' dir='ltr'>Candidos</span> <span class='ocrx_word' id='word_1_106' title='bbox 522 1600 680 1655; x_wconf 59' lang='lat' dir='ltr'>seete-s</span> <span class='ocrx_word' id='word_1_107' title='bbox 702 1600 894 1656; x_wconf 85' lang='lat' dir='ltr'>radunt</span> <span class='ocrx_word' id='word_1_108' title='bbox 921 1599 1104 1654; x_wconf 85' lang='lat' dir='ltr'>dentes</span> <span class='ocrx_word' id='word_1_109' title='bbox 1136 1621 1149 1650; x_wconf 78' lang='grc' dir='ltr'><strong><em>ε</em></strong></span> 
     </span>
     <span class='ocr_line' id='line_1_20' title="bbox 81 1667 1344 1746; baseline -0.01 -14"><span class='ocrx_word' id='word_1_110' title='bbox 81 1696 181 1743; x_wconf 84' lang='lat'>940</span> <span class='ocrx_word' id='word_1_111' title='bbox 218 1677 326 1730; x_wconf 88' lang='lat' dir='ltr'>Alii</span> <span class='ocrx_word' id='word_1_112' title='bbox 355 1671 609 1746; x_wconf 78' lang='lat' dir='ltr'>vestigant</span> <span class='ocrx_word' id='word_1_113' title='bbox 634 1672 776 1745; x_wconf 85' lang='lat' dir='ltr'>apud</span> <span class='ocrx_word' id='word_1_114' title='bbox 803 1671 1010 1728; x_wconf 84' lang='lat' dir='ltr'>effluvia</span> <span class='ocrx_word' id='word_1_115' title='bbox 1039 1667 1344 1725; x_wconf 85' lang='lat' dir='ltr'>torrentium</span> 
     </span>
     <span class='ocr_line' id='line_1_21' title="bbox 224 1739 1631 1821; baseline -0.007 -18"><span class='ocrx_word' id='word_1_116' title='bbox 224 1751 330 1803; x_wconf 90' lang='lat' dir='ltr'>Aut</span> <span class='ocrx_word' id='word_1_117' title='bbox 362 1747 553 1821; x_wconf 84' lang='lat' dir='ltr'>berylli</span> <span class='ocrx_word' id='word_1_118' title='bbox 581 1745 820 1818; x_wconf 84' lang='lat' dir='ltr'>glaucam</span> <span class='ocrx_word' id='word_1_119' title='bbox 846 1763 1124 1816; x_wconf 77' lang='lat' dir='ltr'>gemmam,</span> <span class='ocrx_word' id='word_1_120' title='bbox 1163 1756 1251 1794; x_wconf 86' lang='lat' dir='ltr'>aut</span> <span class='ocrx_word' id='word_1_121' title='bbox 1291 1739 1631 1795; x_wconf 83' lang='lat' dir='ltr'>adamantem</span> 
     </span>
     <span class='ocr_line' id='line_1_22' title="bbox 217 1810 1652 1887; baseline -0.008 -12"><span class='ocrx_word' id='word_1_122' title='bbox 217 1820 577 1882; x_wconf 88' lang='lat' dir='ltr'>Relucentem,</span> <span class='ocrx_word' id='word_1_123' title='bbox 607 1833 696 1871; x_wconf 89' lang='lat' dir='ltr'>aut</span> <span class='ocrx_word' id='word_1_124' title='bbox 714 1816 867 1872; x_wconf 88' lang='lat' dir='ltr'>viridi</span> <span class='ocrx_word' id='word_1_125' title='bbox 891 1816 1062 1870; x_wconf 89' lang='lat' dir='ltr'>colore</span> <span class='ocrx_word' id='word_1_126' title='bbox 1089 1813 1431 1887; x_wconf 88' lang='lat' dir='ltr'>pellucentem</span> <span class='ocrx_word' id='word_1_127' title='bbox 1442 1810 1652 1885; x_wconf 82' lang='lat' dir='ltr'>jaspim,</span> 
     </span>
     <span class='ocr_line' id='line_1_23' title="bbox 221 1881 1865 1963; baseline -0.005 -16"><span class='ocrx_word' id='word_1_128' title='bbox 221 1896 325 1947; x_wconf 87' lang='lat' dir='ltr'>Aut</span> <span class='ocrx_word' id='word_1_129' title='bbox 338 1893 495 1946; x_wconf 79' lang='lat' dir='ltr'>etiam</span> <span class='ocrx_word' id='word_1_130' title='bbox 508 1890 696 1963; x_wconf 85' lang='lat' dir='ltr'>glauco</span> <span class='ocrx_word' id='word_1_131' title='bbox 709 1887 1060 1962; x_wconf 78' lang='lat' dir='ltr'>splendentem</span> <span class='ocrx_word' id='word_1_132' title='bbox 1091 1884 1264 1939; x_wconf 86' lang='lat' dir='ltr'>colore</span> <span class='ocrx_word' id='word_1_133' title='bbox 1283 1884 1461 1957; x_wconf 71' lang='lat' dir='ltr'>lapide</span> <span class='ocrx_word' id='word_1_134' title='bbox 1473 1884 1625 1938; x_wconf 89' lang='lat' dir='ltr'>nitidi</span> <span class='ocrx_word' id='word_1_135' title='bbox 1635 1881 1865 1960; x_wconf 68' lang='lat' dir='ltr'>Topazi,</span> 
     </span>
     <span class='ocr_line' id='line_1_24' title="bbox 221 1956 1787 2036; baseline -0.008 -17"><span class='ocrx_word' id='word_1_136' title='bbox 221 1967 396 2036; x_wconf 90' lang='lat' dir='ltr'>Atque</span> <span class='ocrx_word' id='word_1_137' title='bbox 421 1963 626 2017; x_wconf 83' lang='lat' dir='ltr'>dulcem</span> <span class='ocrx_word' id='word_1_138' title='bbox 647 1960 1008 2035; x_wconf 85' lang='lat' dir='ltr'>Amethystum</span> <span class='ocrx_word' id='word_1_139' title='bbox 1033 1959 1214 2013; x_wconf 85' lang='lat' dir='ltr'>leviter</span> <span class='ocrx_word' id='word_1_140' title='bbox 1237 1956 1687 2029; x_wconf 84' lang='lat' dir='ltr'>purpurascentem</span> <span class='ocrx_word' id='word_1_141' title='bbox 1784 2018 1787 2021; x_wconf 16' lang='lat'><strong>⁴</strong></span> 
     </span>
     <span class='ocr_line' id='line_1_25' title="bbox 80 2028 1868 2109; baseline -0.007 -16"><span class='ocrx_word' id='word_1_142' title='bbox 80 2057 177 2106; x_wconf 85' lang='lat'>945</span> <span class='ocrx_word' id='word_1_143' title='bbox 221 2037 546 2109; x_wconf 88' lang='lat' dir='ltr'>Omnigenas</span> <span class='ocrx_word' id='word_1_144' title='bbox 591 2035 730 2090; x_wconf 88' lang='lat' dir='ltr'>enim</span> <span class='ocrx_word' id='word_1_145' title='bbox 756 2049 892 2087; x_wconf 88' lang='lat' dir='ltr'>terra</span> <span class='ocrx_word' id='word_1_146' title='bbox 920 2031 1061 2106; x_wconf 83' lang='lat' dir='ltr'>apud</span> <span class='ocrx_word' id='word_1_147' title='bbox 1104 2030 1224 2087; x_wconf 82' lang='lat' dir='ltr'>illos</span> <span class='ocrx_word' id='word_1_148' title='bbox 1251 2029 1487 2084; x_wconf 87' lang='lat' dir='ltr'>homines</span> <span class='ocrx_word' id='word_1_149' title='bbox 1510 2028 1718 2083; x_wconf 89' lang='lat' dir='ltr'>divitias</span> <span class='ocrx_word' id='word_1_150' title='bbox 1745 2046 1868 2100; x_wconf 88' lang='lat' dir='ltr'>pro-</span> 
     </span>
     <span class='ocr_line' id='line_1_26' title="bbox 221 2098 1861 2176; baseline -0.007 -14"><span class='ocrx_word' id='word_1_151' title='bbox 221 2108 538 2162; x_wconf 86' lang='lat' dir='ltr'>Perennibus</span> <span class='ocrx_word' id='word_1_152' title='bbox 559 2105 731 2161; x_wconf 85' lang='lat' dir='ltr'>fluviis</span> <span class='ocrx_word' id='word_1_153' title='bbox 760 2106 950 2176; x_wconf 83' lang='lat' dir='ltr'>irrigua</span> <span class='ocrx_word' id='word_1_154' title='bbox 980 2103 1100 2160; x_wconf 85' lang='lat' dir='ltr'>hinc</span> <span class='ocrx_word' id='word_1_155' title='bbox 1125 2101 1243 2158; x_wconf 84' lang='lat' dir='ltr'>inde</span> <span class='ocrx_word' id='word_1_156' title='bbox 1270 2126 1283 2155; x_wconf 89' lang='lat'><strong>:</strong></span> <span class='ocrx_word' id='word_1_157' title='bbox 1667 2098 1861 2171; x_wconf 78' lang='lat' dir='ltr'>[ducit‚</span> 
     </span>
     <span class='ocr_line' id='line_1_27' title="bbox 217 2172 1526 2251; baseline -0.006 -17"><span class='ocrx_word' id='word_1_158' title='bbox 217 2181 338 2251; x_wconf 88' lang='lat' dir='ltr'>Jam</span> <span class='ocrx_word' id='word_1_159' title='bbox 364 2181 484 2234; x_wconf 76' lang='lat' dir='ltr'>vero</span> <span class='ocrx_word' id='word_1_160' title='bbox 507 2180 561 2233; x_wconf 86' lang='lat'>&amp;</span> <span class='ocrx_word' id='word_1_161' title='bbox 593 2194 743 2250; x_wconf 85' lang='lat' dir='ltr'>prata</span> <span class='ocrx_word' id='word_1_162' title='bbox 772 2177 969 2231; x_wconf 87' lang='lat' dir='ltr'>affidue</span> <span class='ocrx_word' id='word_1_163' title='bbox 995 2191 1201 2230; x_wconf 88' lang='lat' dir='ltr'>comata</span> <span class='ocrx_word' id='word_1_164' title='bbox 1226 2172 1342 2226; x_wconf 86' lang='lat' dir='ltr'>sunt</span> <span class='ocrx_word' id='word_1_165' title='bbox 1366 2172 1526 2237; x_wconf 88' lang='lat' dir='ltr'>foliis,</span> 
     </span>
     <span class='ocr_line' id='line_1_28' title="bbox 216 2247 1359 2314; baseline -0.007 -8"><span class='ocrx_word' id='word_1_166' title='bbox 216 2253 362 2308; x_wconf 83' lang='lat' dir='ltr'>Alibi</span> <span class='ocrx_word' id='word_1_167' title='bbox 392 2253 528 2306; x_wconf 87' lang='lat' dir='ltr'>enim</span> <span class='ocrx_word' id='word_1_168' title='bbox 556 2250 757 2306; x_wconf 85' lang='lat' dir='ltr'>milium</span> <span class='ocrx_word' id='word_1_169' title='bbox 783 2247 977 2314; x_wconf 88' lang='lat' dir='ltr'>crescit,</span> <span class='ocrx_word' id='word_1_170' title='bbox 1018 2247 1149 2302; x_wconf 88' lang='lat' dir='ltr'>alibi</span> <span class='ocrx_word' id='word_1_171' title='bbox 1186 2261 1359 2301; x_wconf 88' lang='lat' dir='ltr'>autem</span> 
     </span>
     <span class='ocr_line' id='line_1_29' title="bbox 223 2319 1204 2399; baseline -0.007 -20"><span class='ocrx_word' id='word_1_172' title='bbox 223 2325 398 2399; x_wconf 82' lang='lat' dir='ltr'>Sylvae</span> <span class='ocrx_word' id='word_1_173' title='bbox 435 2321 687 2377; x_wconf 89' lang='lat' dir='ltr'>virescunt</span> <span class='ocrx_word' id='word_1_174' title='bbox 714 2322 904 2377; x_wconf 77' lang='lat' dir='ltr'>calami</span> <span class='ocrx_word' id='word_1_175' title='bbox 934 2319 1204 2394; x_wconf 79' lang='lat' dir='ltr'>Erythraei.</span> 
     </span>
     <span class='ocr_line' id='line_1_30' title="bbox 77 2387 1652 2469; baseline -0.008 -17"><span class='ocrx_word' id='word_1_176' title='bbox 77 2415 179 2464; x_wconf 81' lang='lat'>950</span> <span class='ocrx_word' id='word_1_177' title='bbox 287 2396 390 2451; x_wconf 89' lang='lat' dir='ltr'>Sed</span> <span class='ocrx_word' id='word_1_178' title='bbox 416 2395 564 2469; x_wconf 82' lang='lat' dir='ltr'>juxta</span> <span class='ocrx_word' id='word_1_179' title='bbox 592 2394 863 2447; x_wconf 89' lang='lat' dir='ltr'>occiduum</span> <span class='ocrx_word' id='word_1_180' title='bbox 889 2394 1107 2446; x_wconf 86' lang='lat' dir='ltr'>limitem</span> <span class='ocrx_word' id='word_1_181' title='bbox 1144 2391 1333 2445; x_wconf 78' lang='lat' dir='ltr'>fluvius</span> <span class='ocrx_word' id='word_1_182' title='bbox 1360 2387 1652 2443; x_wconf 83' lang='lat' dir='ltr'>devolvitur</span> 
     </span>
     <span class='ocr_line' id='line_1_31' title="bbox 217 2461 1424 2542; baseline -0.005 -22"><span class='ocrx_word' id='word_1_183' title='bbox 217 2470 351 2521; x_wconf 80' lang='lat' dir='ltr'>Indus</span> <span class='ocrx_word' id='word_1_184' title='bbox 376 2467 743 2542; x_wconf 85' lang='lat' dir='ltr'>pulchrifluus,</span> <span class='ocrx_word' id='word_1_185' title='bbox 779 2468 871 2539; x_wconf 89' lang='lat' dir='ltr'>qui</span> <span class='ocrx_word' id='word_1_186' title='bbox 898 2482 1044 2521; x_wconf 84' lang='lat' dir='ltr'>terrae</span> <span class='ocrx_word' id='word_1_187' title='bbox 1071 2482 1260 2519; x_wconf 83' lang='lat' dir='ltr'>nomen</span> <span class='ocrx_word' id='word_1_188' title='bbox 1285 2461 1424 2525; x_wconf 85' lang='lat' dir='ltr'>fecit,</span> 
     </span>
     <span class='ocr_line' id='line_1_32' title="bbox 217 2539 1091 2600; baseline 0 -8"><span class='ocrx_word' id='word_1_189' title='bbox 217 2541 287 2592; x_wconf 85' lang='lat' dir='ltr'>Et</span> <span class='ocrx_word' id='word_1_190' title='bbox 315 2542 526 2594; x_wconf 86' lang='lat' dir='ltr'>rubrum</span> <span class='ocrx_word' id='word_1_191' title='bbox 548 2555 725 2592; x_wconf 85' lang='lat' dir='ltr'>contra</span> <span class='ocrx_word' id='word_1_192' title='bbox 750 2539 905 2592; x_wconf 89' lang='lat' dir='ltr'>currit</span> <span class='ocrx_word' id='word_1_193' title='bbox 930 2556 1091 2600; x_wconf 83' lang='lat' dir='ltr'>mare,</span> 
     </span>
     <span class='ocr_line' id='line_1_33' title="bbox 216 2602 1870 2684; baseline -0.004 -19"><span class='ocrx_word' id='word_1_194' title='bbox 216 2611 693 2684; x_wconf 86' lang='lat' dir='ltr'>Impetuofiffimam</span> <span class='ocrx_word' id='word_1_195' title='bbox 727 2610 923 2665; x_wconf 87' lang='lat' dir='ltr'>undam</span> <span class='ocrx_word' id='word_1_196' title='bbox 947 2608 1165 2665; x_wconf 86' lang='lat' dir='ltr'>celerem</span> <span class='ocrx_word' id='word_1_197' title='bbox 1178 2605 1249 2664; x_wconf 82' lang='lat' dir='ltr'>ad</span> <span class='ocrx_word' id='word_1_198' title='bbox 1262 2607 1486 2663; x_wconf 73' lang='lat' dir='ltr'>austrum</span> <span class='ocrx_word' id='word_1_199' title='bbox 1512 2603 1646 2657; x_wconf 68' lang='lat' dir='ltr'>resta</span> <span class='ocrx_word' id='word_1_200' title='bbox 1663 2602 1870 2677; x_wconf 86' lang='lat' dir='ltr'>propel-</span> 
     </span>
     <span class='ocr_line' id='line_1_34' title="bbox 218 2677 1868 2759; baseline -0.004 -22"><span class='ocrx_word' id='word_1_201' title='bbox 218 2684 380 2737; x_wconf 88' lang='lat' dir='ltr'>Ortus</span> <span class='ocrx_word' id='word_1_202' title='bbox 408 2687 636 2759; x_wconf 86' lang='lat' dir='ltr'>primum</span> <span class='ocrx_word' id='word_1_203' title='bbox 665 2686 693 2735; x_wconf 71' lang='grc' dir='ltr'>ὲ</span> <span class='ocrx_word' id='word_1_204' title='bbox 717 2682 918 2754; x_wconf 81' lang='lat' dir='ltr'>Caucaso</span> <span class='ocrx_word' id='word_1_205' title='bbox 944 2680 1171 2736; x_wconf 72' lang='lat' dir='ltr'>ventoso,</span> <span class='ocrx_word' id='word_1_206' title='bbox 1712 2677 1868 2746; x_wconf 84' lang='lat' dir='ltr'>[lens,</span> 
     </span>
     <span class='ocr_line' id='line_1_35' title="bbox 77 2747 1870 2824; baseline -0.005 -14"><span class='ocrx_word' id='word_1_207' title='bbox 77 2773 173 2824; x_wconf 81' lang='lat'>955</span> <span class='ocrx_word' id='word_1_208' title='bbox 220 2755 394 2809; x_wconf 87' lang='lat' dir='ltr'>Multa</span> <span class='ocrx_word' id='word_1_209' title='bbox 415 2772 591 2811; x_wconf 84' lang='lat' dir='ltr'>autem</span> <span class='ocrx_word' id='word_1_210' title='bbox 611 2754 690 2807; x_wconf 91' lang='lat' dir='ltr'>illi</span> <span class='ocrx_word' id='word_1_211' title='bbox 711 2756 841 2809; x_wconf 85' lang='lat' dir='ltr'>ostia</span> <span class='ocrx_word' id='word_1_212' title='bbox 869 2754 1013 2809; x_wconf 86' lang='lat' dir='ltr'>sunt:</span> <span class='ocrx_word' id='word_1_213' title='bbox 1037 2754 1098 2807; x_wconf 88' lang='lat' dir='ltr'>In</span> <span class='ocrx_word' id='word_1_214' title='bbox 1113 2752 1340 2809; x_wconf 83' lang='lat' dir='ltr'>mediam</span> <span class='ocrx_word' id='word_1_215' title='bbox 1361 2769 1482 2807; x_wconf 80' lang='lat' dir='ltr'>vero</span> <span class='ocrx_word' id='word_1_216' title='bbox 1505 2747 1663 2803; x_wconf 87' lang='lat' dir='ltr'>currit</span> <span class='ocrx_word' id='word_1_217' title='bbox 1677 2747 1870 2813; x_wconf 60' lang='lat' dir='ltr'>Insula,</span> 
     </span>
     <span class='ocr_line' id='line_1_36' title="bbox 220 2825 1697 2900; baseline -0.005 -18"><span class='ocrx_word' id='word_1_218' title='bbox 220 2826 467 2892; x_wconf 74' lang='lat' dir='ltr'>Insulam,</span> <span class='ocrx_word' id='word_1_219' title='bbox 501 2845 664 2900; x_wconf 82' lang='lat' dir='ltr'>quam</span> <span class='ocrx_word' id='word_1_220' title='bbox 692 2842 882 2881; x_wconf 85' lang='lat' dir='ltr'>vocant</span> <span class='ocrx_word' id='word_1_221' title='bbox 910 2825 1092 2881; x_wconf 83' lang='lat' dir='ltr'>incolae</span> <span class='ocrx_word' id='word_1_222' title='bbox 1122 2827 1405 2879; x_wconf 66' lang='lat' dir='ltr'>Patalenam.</span> <span class='ocrx_word' id='word_1_223' title='bbox 1693 2882 1697 2884; x_wconf 46' lang='grc'><strong>,</strong></span> 
     </span>
     <span class='ocr_line' id='line_1_37' title="bbox 291 2887 1825 2970; baseline -0.007 -18"><span class='ocrx_word' id='word_1_224' title='bbox 291 2898 537 2954; x_wconf 87' lang='lat' dir='ltr'>Indorum</span> <span class='ocrx_word' id='word_1_225' title='bbox 564 2896 779 2969; x_wconf 86' lang='lat' dir='ltr'>quidem</span> <span class='ocrx_word' id='word_1_226' title='bbox 800 2915 988 2953; x_wconf 85' lang='lat' dir='ltr'>terram</span> <span class='ocrx_word' id='word_1_227' title='bbox 1005 2904 1173 2970; x_wconf 75' lang='lat' dir='ltr'>Ganges</span> <span class='ocrx_word' id='word_1_228' title='bbox 1187 2895 1383 2952; x_wconf 80' lang='lat' dir='ltr'>medius</span> <span class='ocrx_word' id='word_1_229' title='bbox 1410 2891 1651 2948; x_wconf 85' lang='lat' dir='ltr'>bifariam</span> <span class='ocrx_word' id='word_1_230' title='bbox 1669 2887 1825 2954; x_wconf 86' lang='lat' dir='ltr'>secat,</span> 
     </span>
     <span class='ocr_line' id='line_1_38' title="bbox 217 2965 1815 3045; baseline -0.007 -20"><span class='ocrx_word' id='word_1_231' title='bbox 217 2974 373 3025; x_wconf 84' lang='lat' dir='ltr'>Hanc</span> <span class='ocrx_word' id='word_1_232' title='bbox 401 2970 621 3045; x_wconf 86' lang='lat' dir='ltr'>quidam</span> <span class='ocrx_word' id='word_1_233' title='bbox 648 2976 777 3024; x_wconf 78' lang='lat' dir='ltr'>intra</span> <span class='ocrx_word' id='word_1_234' title='bbox 806 2970 1022 3025; x_wconf 75' lang='lat' dir='ltr'>fluvium</span> <span class='ocrx_word' id='word_1_235' title='bbox 1046 2971 1324 3040; x_wconf 80' lang='lat' dir='ltr'>[Gangem,]</span> <span class='ocrx_word' id='word_1_236' title='bbox 1351 2965 1496 3022; x_wconf 82' lang='lat' dir='ltr'>illam</span> <span class='ocrx_word' id='word_1_237' title='bbox 1520 2966 1642 3017; x_wconf 73' lang='lat' dir='ltr'>vero</span> <span class='ocrx_word' id='word_1_238' title='bbox 1667 2979 1815 3014; x_wconf 73' lang='lat' dir='ltr'>extra.</span> 
     </span>
     <span class='ocr_line' id='line_1_39' title="bbox 215 3038 1657 3117; baseline -0.008 -19"><span class='ocrx_word' id='word_1_239' title='bbox 215 3048 407 3116; x_wconf 86' lang='lat' dir='ltr'>Neque</span> <span class='ocrx_word' id='word_1_240' title='bbox 436 3061 587 3106; x_wconf 71' lang='lat' dir='ltr'>unuS,</span> <span class='ocrx_word' id='word_1_241' title='bbox 635 3039 724 3094; x_wconf 83' lang='lat' dir='ltr'>sed</span> <span class='ocrx_word' id='word_1_242' title='bbox 751 3041 949 3117; x_wconf 78' lang='lat' dir='ltr'>duplex</span> <span class='ocrx_word' id='word_1_243' title='bbox 972 3042 1165 3097; x_wconf 62' lang='lat' dir='ltr'>tractus</span> <span class='ocrx_word' id='word_1_244' title='bbox 1193 3038 1452 3112; x_wconf 83' lang='lat' dir='ltr'>utriusque</span> <span class='ocrx_word' id='word_1_245' title='bbox 1477 3054 1657 3094; x_wconf 75' lang='lat' dir='ltr'>terrae:</span> 
     </span>
    </p>
   </div>
   <div class='ocr_carea' id='block_1_6' title="bbox 74 3113 1872 3240">
    <p class='ocr_par' dir='ltr' id='par_1_6' title="bbox 74 3113 1872 3240">
     <span class='ocr_line' id='line_1_40' title="bbox 74 3113 1230 3237; baseline -0.001 -68"><span class='ocrx_word' id='word_1_246' title='bbox 74 3124 175 3176; x_wconf 77' lang='lat'>960</span> <span class='ocrx_word' id='word_1_247' title='bbox 217 3116 460 3189; x_wconf 73' lang='lat' dir='ltr'>Utraque</span> <span class='ocrx_word' id='word_1_248' title='bbox 489 3116 622 3170; x_wconf 85' lang='lat' dir='ltr'>enim</span> <span class='ocrx_word' id='word_1_249' title='bbox 651 3113 720 3168; x_wconf 80' lang='lat' dir='ltr'>ad</span> <span class='ocrx_word' id='word_1_250' title='bbox 742 3114 1133 3237; x_wconf 73' lang='lat' dir='ltr'>flatumPBoreae</span> <span class='ocrx_word' id='word_1_251' title='bbox 1158 3113 1230 3168; x_wconf 71' lang='lat' dir='ltr'>est</span> 
     </span>
     <span class='ocr_line' id='line_1_41' title="bbox 1620 3183 1872 3240; baseline 0.012 -13"><span class='ocrx_word' id='word_1_252' title='bbox 1620 3183 1872 3240; x_wconf 67' lang='lat' dir='ltr'>Continens„</span> 
     </span>
    </p>
   </div>
   <div class='ocr_carea' id='block_1_7' title="bbox 81 976 180 1027">
    <p class='ocr_par' dir='ltr' id='par_1_7' title="bbox 81 976 180 1027">
     <span class='ocr_line' id='line_1_42' title="bbox 81 976 180 1027; baseline 0 -7"><span class='ocrx_word' id='word_1_253' title='bbox 81 976 180 1027; x_wconf 79' lang='lat'>930</span> 
     </span>
    </p>
   </div>
  </div>
 </body>
</html>
