2008 3495
127 48 254 173 '52
867 78 1311 150 NOTAE.

172 194 463 252 notandum
490 190 717 265 insuper,
748 191 913 264 quod,
942 206 998 245 ut
1018 193 1165 262 Libya
1183 196 1353 264 proprie
1374 193 1490 245 dina
1509 213 1572 247 ex
1601 193 1819 248 adverso
1837 202 1962 250 Grae-

168 276 245 322 ciae
274 269 365 321 fita
381 263 520 329 effer,
551 266 615 318 fic
643 266 805 338 Africa
820 270 991 337 proprie
1015 265 1132 316 diila
1153 265 1225 316 'ex
1255 262 1472 317 adverso
1502 270 1644 319 Italiae
1663 267 1762 321 five
1785 272 1958 323 Siciliae.

174 339 337 394 Unde
365 354 475 393 tot-a
507 339 599 391 ista
630 339 915 391 Continens
942 343 1104 389 Graecis
1124 334 1438 407 frequentius
1466 338 1759 412 appellatur
1795 343 1959 411 Libya,

97 424 103 431 “
169 417 354 467 Latinis
380 410 699 482 frequentius
718 410 898 483 Africa,

225 505 296 538 .v‚
320 498 348 540 ‘2
362 508 378 541 1
393 481 916 551 ‚’'A7re2›50v]Q1amvis
929 495 1148 553 utraque
1166 482 1469 544 Continen8‚
1486 495 1592 534 tam
1606 485 1791 535 Borealis
1802 501 1962 554 quam

174 557 408 629 Australis,
429 556 785 628 cognominari
805 551 969 606 soleat
986 557 1239 623 Incognita,
1264 555 1385 623 quia
1406 555 1572 606 minus
1592 570 1680 607 aut
1695 558 1866 627 potius
1888 559 1964 608 ni-

175 629 382 685 hildum
409 630 633 699 cognita,
662 626 697 678 fi
719 626 895 678 littora
917 625 1158 696 quaedam
1188 628 1414 698 excipias
1444 649 1461 677 τ
1497 631 1669 679 tamen
1698 625 1964 700 utriusque

173 704 342 756 varios
368 702 557 754 traffius
584 699 872 751 maritimos
902 701 1091 751 Nautae
1118 701 1258 751 varie
1287 699 1638 751 denominant,
1689 700 1774 751 Sic
1799 706 1966 753 Groen-

173 777 328 826 [mdia
356 775 410 827 &
436 773 696 845 Spitzberga
719 768 834 825 sunt
857 770 988 824 binae
1018 785 1189 842 partes
1216 771 1542 824 Continentis
1573 770 1802 824 Borealis
1828 795 1844 837 3
1867 780 1963 823 No-

173 869 236 898 va
258 851 449 908 Guinea,
489 851 626 896 Nova
644 845 905 906 Hollandia‚
948 843 1000 896 8(
1023 850 1163 896 Nova
1190 845 1413 896 Zelandia
1437 841 1697 896 habentur
1741 844 1963 898 totidem

171 939 235 993 pa
248 934 345 972 rtes
372 916 699 972 Continentis
724 914 996 969 Australis·
1233 971 1242 994 .

242 1012 289 1043 v.
325 990 411 1045 28.
443 991 695 1057 οἰκαμοέτὸ]
729 988 968 1041 Oceanus
991 987 1178 1041 dicitur
1204 989 1453 1051 οἰκαῖματος
1479 987 1546 1041 ob
1576 987 1772 1041 fluxum
1805 990 1858 1043 &
1891 1007 1964 1042 re-

179 1063 377 1117 fluxum
401 1064 568 1126 aestus,
598 1061 785 1134 quibus
811 1060 1145 1114 indesinenter
1172 1063 1409 1132 agitatur.

246 1157 296 1188 v.
334 1156 411 1204 32.
441 1136 736 1196 πεπηγότατε
782 1132 1020 1202 κςόνιόντε]
1048 1133 1131 1186 Sic
1161 1133 1355 1186 Plinius
1392 1151 1533 1185 mare
1552 1130 1968 1205 Septentrionale

170 1212 448 1281 congelatum
461 1210 514 1262 &
529 1212 734 1261 Cronium
752 1206 855 1260 dici
874 1208 1101 1271 testatur,
1142 1207 1195 1260 &
1210 1210 1236 1258 ὲ
1251 1205 1477 1258 Cimbris
1497 1203 1971 1276 Morimarusa‚qu0d

100 1298 103 1300 ·
176 1302 353 1335 eorum
376 1279 559 1353 lingua
584 1285 713 1332 Mare
736 1286 972 1332 Mortuum
994 1279 1216 1350 significa
1227 1296 1263 1332 t.
1303 1278 1373 1330 Et
1391 1294 1617 1330 mortuum
1634 1277 1846 1348 quidem
1865 1296 1969 1328 me-

171 1354 453 1428 taphorice
479 1353 676 1407 dicium
689 1353 758 1406 est
787 1353 907 1423 quia
929 1348 1177 1422 frigidum
1199 1352 1253 1405 ἃ
1281 1349 1631 1421 congelatum,
1652 1350 1874 1422 ideoque
1888 1349 1967 1421 pi.-

180 1447 328 1497 grum
352 1428 404 1480 ἃ
429 1427 722 1488 immotum,
745 1444 862 1478 cum
877 1424 1021 1477 calor
1045 1425 1096 1477 &
1120 1440 1293 1476 motus
1316 1424 1366 1475 in
1389 1420 1699 1475 animalibus
1713 1423 1968 1494 praecipua.

180 1499 298 1554 sunt
326 1501 440 1552 vitae
463 1497 657 1553 indicia
682 1521 698 1564 3
721 1496 858 1551 unde
880 1516 1016 1567 aqua
1042 1514 1262 1568 perenne
1277 1496 1436 1548 fluens
1460 1500 1574 1546 viva
1595 1494 1802 1558 dicitur,
1820 1498 1971 1545 Donec

174 1596 243 1624 me
257 1574 458 1644 flumine
504 1576 610 1622 viz-0
640 1573 811 1623 abluero
839 1598 895 1608 -·-
924 1570 1068 1640 Virg.
1096 1569 1217 1620 AEn.
1247 1589 1295 1623 2.
1317 1567 1407 1620 Ob
1426 1566 1644 1620 eandem
1672 1567 1831 1620 etiam
1854 1585 1974 1618 cau·

174 1645 285 1699 sam
299 1649 506 1697 Cronium
522 1643 624 1695 hoc
650 1661 790 1695 mare
809 1642 1004 1695 dictum
1025 1639 1189 1693 censet
1205 1639 1522 1703 EustathiuS‚
1544 1639 1737 1692 scilicet
1760 1643 1787 1691 ἐι
1809 1638 1972 1704 Kpo'v&

180 1726 420 1779 Saturnus,
480 1717 568 1787 qui
595 1715 662 1769 ab
693 1714 976 1786 Astrologis
1001 1711 1220 1783 frigidus
1248 1711 1484 1775 Planeta,
1539 1714 1591 1765 &
1618 1710 1823 1783 frigidis
1841 1730 1969 1784 prae·

176 1788 274 1844 effe
291 1786 561 1861 judicatur
595 1811 611 1854 3
677 1789 730 1840 ὃς
769 1807 885 1840 cum
934 1785 1067 1839 tardi
1098 1786 1158 1838 fit
1213 1800 1399 1849 motuS,
1453 1784 1610 1857 pigris
1636 1786 1793 1837 etiam
1813 1785 1965 1837 rebus

176 1861 439 1938 praefidere
457 1860 569 1933 jure
597 1857 879 1914 censeatur.

251 1955 296 1987 v.
332 1953 410 2000 34.
444 1937 618 1999 ἕξοίὲιον
642 1932 716 2000 28]
745 1936 955 2004 Nempe
985 1933 1053 1986 ob
1083 1931 1297 2004 longam
1325 1927 1529 2002 hujusce
1555 1931 1709 1983 maris
1737 1927 1972 1982 distanti-

175 2027 260 2063 am
287 2007 355 2060 ab
383 2007 645 2078 Ecliptica
674 2003 758 2057 seu
787 2004 924 2057 Solis
956 2003 1115 2058 cursu.

248 2100 295 2133 v.
328 2100 413 2146 37.
439 2079 753 2144 Ἀτλαντικὸς]
784 2080 990 2150 Nempe
1019 2077 1087 2131 ab
1113 2080 1302 2129 Atlante
1333 2074 1504 2127 vicino
1534 2071 1714 2127 Africae
1741 2087 1932 2126 monte.

246 2172 295 2205 v.
332 2173 407 2216 52.
434 2151 632 2221 κόλπὸς]
661 2150 851 2204 Kdmr'&
880 2151 1102 2211 Graecis,
1132 2152 1205 2201 uti
1244 2146 1438 2216 &finus
1468 2146 1683 2210 Latinis,
1707 2145 1976 2219 metapho-

180 2227 284 2280 rice
310 2223 410 2277 dici
419 2240 498 2278 tur
519 2246 667 2279 cavus
691 2241 833 2278 terrae
858 2221 1088 2284 receffi13‚
1111 2224 1161 2273 in
1185 2238 1338 2292 quem
1349 2238 1491 2272 mare
1513 2218 1563 2272 se
1583 2219 1827 2288 insinuat,(
1832 2217 1975 2290 quod

181 2298 410 2351 innuitur
432 2295 567 2350 hisce
594 2298 829 2360 verbis—
857 2299 1041 2347 ''EvSoEn
1059 2295 1222 2352 βάλλων
1239 2296 1310 2347 Ἐς
1329 2291 1617 2355 χὲιόνοι--Ιῑε
1646 2295 1783 2343 enim
1806 2292 1974 2362 legen-

181 2370 304 2424 dum
325 2368 546 2434 videtur,
571 2390 675 2423 non
699 2386 754 2423 ut
776 2371 825 2422 in
847 2368 1166 2422 editionibus
1196 2366 1426 2438 Dionysii
1449 2367 1506 2418 εἷς
1530 2367 1668 2432 ἅλα.)
1698 2364 1828 2417 Heic
1860 2364 1974 2432 qui-

181 2444 323 2505 dem,
353 2458 410 2494 ut
436 2441 728 2514 frequenter
755 2442 885 2495 alibi
912 2441 1054 2513 apud
1084 2440 1348 2501 Auctores,
1371 2440 1521 2492 Mare
1541 2436 1705 2510 ipsum
1736 2438 1785 2488 in
1814 2436 1976 2488 finum

183 2534 327 2570 terrae
354 2532 613 2586 receptum
641 2514 946 2583 mimos-sinus
964 2513 1175 2565 dicitur.

246 2608 294 2640 v.
325 2606 402 2652 59.
433 2591 727 2653 μεωοχθονὶκν
751 2590 777 2657 ]
809 2587 954 2641 Idem
985 2586 1083 2639 hoc
1113 2602 1252 2636 mare
1280 2587 1308 2635 ὲ
1335 2581 1583 2652 Dionyfio
1604 2581 1792 2635 dicitur
1819 2579 1973 2652 Hqspe-

180 2668 299 2713 rium
326 2660 426 2711 five
444 2663 708 2725 Gadaum,
760 2677 868 2714 tum
896 2658 1041 2728 quod
1064 2678 1126 2710 ex
1147 2657 1364 2710 Oceano
1384 2654 1573 2707 Occiduo
1593 2654 1829 2727 prodeat,
1867 2669 1976 2705 tum

183 2732 327 2806 quod
355 2734 545 2786 caeteris
573 2734 763 2787 finibus
789 2732 990 2801 magnis
1017 2730 1108 2783 fibi
1139 2729 1358 2799 cognitis
1387 2728 1701 2779 occidentalius
1728 2727 1803 2778 fit.

252 2825 299 2856 v.
330 2814 414 2859 62.
444 2803 970 2876 Km5oe21‘0iv]Nempeab
989 2801 1160 2855 Insula
1184 2802 1437 2853 Codanonia
1461 2801 1509 2852 in
1524 2819 1583 2851 eo
1599 2800 1711 2862 fita,
1742 2797 1826 2852 seu
1844 2797 1980 2867 poti-

179 2897 238 2936 us
269 2876 336 2928 ab
359 2877 537 2931 incolis
552 2878 652 2951 ejus
666 2878 852 2929 Codanis
873 2895 887 2924 .·
922 2879 1147 2927 Balticum
1163 2892 1280 2925 vero
1304 2891 1444 2924 mare
1463 2871 1619 2924 hodie
1641 2871 1745 2924 dici
1777 2871 1981 2922 videtur

183 2959 210 3003 a
232 2951 403 3009 Bastia,
422 2965 552 3002 terra
577 2951 645 3003 ad
669 2952 887 3002 Boream
904 2949 1089 3009 vicina,
1112 2948 1164 2998 ὃς
1190 2963 1302 3016 quae
1323 2944 1435 2996 aliis
1457 2943 1977 2997 diciturScandinavia.

250 3042 295 3070 v.
320 3028 400 3085 67.
430 3023 732 3088 Γαῃκτικὸς]
762 3023 838 3074 Ita
867 3024 894 3070 ἐι
926 3018 1196 3071 Veteribus
1225 3017 1410 3080 dietus,
1439 3016 1562 3086 quia
1592 3022 1761 3085 Ganges
1783 3016 1833 3066 in
1860 3033 1978 3066 eum

185 3093 369 3147 influit.
411 3093 588 3145 Hodie
619 3097 871 3162 Bengalz'cus
892 3091 1025 3142 finus
1056 3090 1245 3142 dicitur
1264 3094 1291 3141 ἐι
1313 3090 1480 3142 vicina
1509 3104 1639 3149 terra
1665 3085 1976 3156 cognomini.

258 3183 302 3216 v-
335 3184 421 3229 72.
448 3168 689 3234 Ὕέσόνιον]
717 3166 857 3221 Tam
875 3163 1006 3217 finus
1029 3163 1110 3216 hic
1132 3180 1292 3234 quam
1315 3159 1499 3215 fretum
1526 3159 1828 3232 cognomine
1852 3160 1976 3226 (Fre-

1420 3251 1422 3253 ’
1872 3244 1971 3283 tum
