2039 3495
131 113 261 161 110
515 75 1517 152 INTERPRETATIO.

266 198 332 250 Se
357 189 579 246 condens
606 185 795 251 subter,
828 181 1023 239 rursum
1051 187 1174 235 vero
1204 180 1380 234 denuo
1405 201 1666 256 emergens

128 273 231 328 810
266 264 596 321 Velociorem
621 257 826 333 projicit
846 254 978 311 infra
1005 254 1203 310 undam
1226 276 1238 306 ε
1279 272 1384 306 non
1412 253 1507 306 illo

274 342 410 393 Inter
433 354 606 388 omnes
631 332 817 386 fluvios
842 328 1151 382 velociorem
1180 325 1342 379 alium
1367 323 1706 398 conspexeris,

345 409 684 479 Qaecunque
701 423 822 458 vero
843 399 1161 473 Euphratem
1176 399 1231 452 δὲ
1249 398 1459 469 Tigrim
1482 399 1620 452 intra
1640 398 1796 453 tellus
1816 400 1910 465 est,

273 486 407 539 Eam
429 479 618 533 accolae
646 475 1016 547 Mesopotamiam
1032 469 1323 544 perhibent.

274 561 406 613 Non
429 569 563 607 certe
583 549 722 603 illius
744 543 931 618 pascua
944 543 1256 616 vituperabit
1276 540 1546 605 bubulcus,
1607 542 1915 614 [celebrans,

139 637 235 701 815
276 626 379 683 Vel
398 626 689 699 quicunque
706 618 875 673 fistula
889 635 1128 670 corneam
1142 615 1420 668 habentem
1450 614 1700 683 ungulam
1727 615 1918 668 Panem

284 702 426 756 Oves
445 699 495 750 in
517 715 642 767 agro
667 690 982 746 stabulantes
1007 686 1232 760 sequitur
1260 711 1272 738 ε
1304 689 1492 756 Neque
1512 686 1631 740 sane
1655 686 1856 760 sylvam

290 772 449 828 Omni
454 787 642 841 genam
657 761 914 819 frustuum
926 761 1221 834 vituperarit
1242 759 1283 811 is
1297 759 1388 829 qui
1401 777 1609 831 operam
1625 760 1748 832 poni
1757 774 1774 812 t
1787 758 1921 811 circa

359 842 512 898 Talis
538 841 591 893 in
618 837 713 891 illa
735 836 937 891 cultura
965 832 1036 887 ad
1063 829 1456 906 producendum
1671 831 1925 903 [plantaso

285 915 544 977 Herbam,
571 913 624 966 &
650 908 835 984 pascua
865 905 1075 969 florida,
1100 922 1258 976 atque
1276 903 1436 956 etiam
1463 902 1733 956 hominum

146 999 247 1051 820
283 991 527 1059 Stirpem,
554 982 1055 1059 pulcherrimamque
1097 979 1151 1031 &
1181 975 1558 1030 immortalibus
1590 975 1823 1029 similem.

359 1061 511 1114 Illinc
536 1072 706 1111 autem
734 1053 1005 1128 Assyriorum
1029 1047 1262 1122 gloriosae
1282 1064 1458 1119 gentes
1486 1046 1553 1100 ad
1577 1064 1746 1101 ortum

291 1129 630 1190 Circumhabi
638 1129 824 1181 tabant
836 1125 1035 1187 urbem,
1049 1129 1238 1194 magna
1257 1123 1309 1174 ἃ
1329 1119 1463 1173 latos
1487 1121 1623 1174 vicos
1635 1120 1930 1181 habentem,

294 1208 474 1276 Qam
496 1203 642 1276 juxta
669 1198 876 1271 Tigrim
903 1197 1116 1250 fluvium
1143 1195 1271 1247 olim
1298 1191 1537 1245 condidit
1563 1194 1595 1227 *
1627 1199 1790 1245 Ninus.

365 1279 604 1334 Austrum
633 1289 804 1327 autem
824 1266 1008 1331 versuS,
1038 1269 1248 1337 Babylon,
1281 1263 1420 1320 sacra
1441 1263 1563 1318 urbs
1592 1288 1610 1331 5
1644 1284 1803 1337 quam
1823 1263 1939 1333 qui-2

528 1347 648 1400 dem
689 1362 853 1398 totam

156 1429 253 1495 825
295 1424 561 1482 Moenibus
589 1418 814 1472 infraffis
835 1413 1130 1470 Semiramis
1167 1408 1471 1472 coronavit,

295 1500 553 1553 Caeterum
579 1494 631 1544 in
662 1511 776 1543 arce
802 1488 940 1542 urbis
967 1487 1223 1557 ingentem
1249 1483 1459 1534 domum
1483 1478 1721 1534 condidit
1751 1479 1898 1542 Belo,

297 1572 543 1639 Auroque
569 1566 623 1618 ὃς
652 1565 804 1618 ebore
831 1576 992 1630 atque
1020 1573 1235 1630 argento
1254 1573 1528 1608 exornans.

299 1645 474 1713 Atque
495 1636 641 1709 hujus
662 1634 875 1709 quidem
902 1631 1143 1685 Planities
1170 1629 1346 1699 ingens
1372 1650 1385 1678 ;
1409 1626 1584 1697 ibique
1612 1622 1833 1678 siderum

303 1713 550 1770 Caelestes
573 1712 680 1764 vias
706 1710 893 1761 Chaldaei
913 1703 1138 1757 dimetiri
1165 1700 1294 1753 sunt.

162 1793 262 1859 830
299 1792 473 1859 Atque
497 1782 693 1837 ibidem
719 1780 907 1853 palmae
932 1775 1197 1829 fornicatae
1224 1771 1512 1825 nascuntur.

302 1862 471 1913 Immo
498 1876 615 1910 vero
644 1857 696 1909 ἃ
724 1873 849 1909 auro
873 1849 971 1904 fert
995 1849 1112 1922 plus
1135 1846 1311 1917 gratiae
1340 1844 1537 1898 habens
1562 1840 1732 1904 aliud,

303 1929 524 1991 Humidi
555 1925 752 2001 Berylli
773 1926 1015 1997 glaucum
1042 1919 1298 1994 lapidem,
1322 1917 1413 1989 qui
1441 1917 1493 1968 in
1515 1916 1633 1967 loco
1657 1913 1751 1966 illo

305 2002 555 2059 Nascitur
586 2000 725 2074 apud
754 1998 958 2051 effiuvia
974 1992 1337 2066 [torrentium]
1361 1989 1572 2062 ophiten
1597 1989 1731 2040 intra
1748 1983 1942 2059 lapide„

379 2076 485 2130 Sed
507 2075 640 2127 ultra
668 2070 1012 2143 Babylonem,
1052 2065 1122 2122 ad
1150 2065 1333 2117 flatum
1356 2064 1553 2123 Boreae,

166 2152 262 2220 835
309 2149 377 2202 Et
397 2149 533 2202 ultra
564 2144 840 2218 Assyriam,
873 2143 1131 2212 regionem
1156 2134 1388 2190 saxosam
1418 2146 1595 2188 tenent

308 2222 427 2275 Viri
457 2225 675 2280 Armenii,
726 2214 1006 2287 Euphratis
1034 2213 1167 2265 circa
1196 2210 1445 2262 fluvium:

309 2297 439 2348 Haec
459 2291 671 2362 quidem
691 2288 761 2342 ad
782 2304 951 2339 ortum
988 2284 1118 2337 olim
1137 2281 1420 2335 vocabatur
1442 2284 1591 2349 Major
1617 2275 1886 2346 [Armenia
1900 2275 1942 2341 ‚]

312 2370 465 2418 'Minor
492 2380 662 2418 autem
690 2362 794 2414 alia
824 2360 966 2413 fluvii
1000 2357 1071 2412 ad
1110 2352 1345 2410 occasum
1372 2350 1595 2424 jacebat.

803 2500 864 2565 C
903 2500 959 2565 A
990 2498 1057 2564 P.
1127 2495 1386 2562 XXVI.

580 2612 677 2679 De
706 2611 994 2679 hodierna
1025 2608 1240 2673 Turcicz
1273 2601 1548 2690 Astatica.

440 2759 688 2829 Uotquot
715 2767 885 2807 autem
915 2744 1365 2819 Mesopotamia-m,
1405 2740 1827 2808 Armeniamque,

178 2836 281 2901 840
463 2831 533 2884 Et
562 2828 728 2882 Afiam
757 2825 1023 2883 minorem,
1054 2821 1105 2873 ὃ(
1135 2819 1294 2891 Syriae
1323 2811 1521 2885 oppida
1549 2826 1743 2874 tenent,

319 2904 390 2957 Et
409 2917 666 2975 quotquot
697 2897 956 2969 regionem
980 2890 1268 2964 Babylonis
1288 2884 1522 2940 incolunt
1551 2906 1567 2950 3

323 2978 433 3030 Tot
465 2993 598 3027 nunc
622 2975 910 3027 Turcarum
938 2983 1129 3036 magno
1157 2958 1455 3034 Imperatori
1483 2955 1840 3028 obtemperant
1867 2976 1889 3021 3
1962 2956 1963 2959 ’

325 3049 662 3118 Qapropter
690 3053 1032 3114 cognomento
1064 3056 1169 3090 uno
1196 3035 1384 3087 horum
1411 3030 1640 3084 omnium
1680 3025 1818 3080 sedes

321 3121 574 3176 Homines
614 3120 833 3168 Tay-ciam
860 3111 1112 3182 ‘ffaticam
1137 3103 1424 3179 appellant.
1811 3104 1816 3108 ⁴

388 3213 408 3260 i*
431 3211 582 3254 Ninum
602 3203 627 3249 ὲ
652 3200 884 3248 conditore
910 3197 1098 3257 didiam,
1119 3196 1167 3244 ὅ(
1190 3195 1233 3240 in
1254 3194 1383 3241 sacris
1403 3182 1639 3252 scripturis
1660 3175 1847 3236 Niniwiz.

1848 3238 1961 3295 Ubi
