2034 3490
494 64 1488 137 INTERPRETATlo.
1753 88 1875 155 ως

316 168 432 224 Post
454 168 549 223 hos
576 184 768 233 autem,
809 170 1010 237 Chalybes
1042 166 1226 218 duram
1255 168 1308 221 &
1331 165 1516 224 saevam
1542 184 1733 228 terram

233 243 589 306 Habitabant,
627 241 870 295 laboriofi
899 239 1070 294 edocti
1095 238 1348 292 fabricam
1376 239 1497 295 ferri
1524 268 1544 312 3

239 315 347 382 Qi
376 314 587 386 quidem
617 312 918 385 gravisonas
942 310 1013 365 ad
1040 309 1251 364 incudes
1278 311 1504 378 stabant,

93 396 189 456 625
233 390 525 458 Nunquam
553 384 798 440 cessantes
826 389 853 437 ὲ
879 385 1060 439 labore
1086 385 1137 437 &
1159 401 1383 437 aerumna
1404 389 1569 456 gravi.

303 460 416 513 Hos
439 474 612 512 autem
640 458 772 530 post,
800 458 1076 529 Cappadocae
1101 455 1292 509 tractus
1320 472 1551 513 extentus
1576 459 1649 513 est
1678 482 1692 513 e

228 529 344 583 Ubi
364 530 711 582 Amazonidibus
739 533 768 580 ὲ
793 545 941 580 monte
967 533 1175 580 Armenio

230 603 425 655 Albam
453 621 644 673 aquam
672 601 908 654 immittit
947 597 1223 653 bellicosus
1245 600 1542 662 Thermodon,

231 676 339 739 Qui
363 674 634 746 quondam
654 671 1005 728 errabundam
1029 669 1185 743 Asopi
1219 671 1385 725 filiam
1403 672 1604 745 excepit
1632 676 1833 747 Sinopen,

92 757 126 801 6
133 768 193 818 30
230 749 401 817 Atque
422 746 587 818 ipsam
605 747 841 800 moestam
879 739 966 798 sua
995 743 1277 796 collocavit
1303 745 1355 796 in
1378 745 1601 816 regione,

231 820 373 888 Jovis
403 818 636 892 imperio.
709 819 812 871 Hic
844 817 979 870 enim
1019 815 1323 869 concubitus
1346 815 1563 888 jucundi

227 889 486 963 Cupidus,
532 896 558 943 a
583 892 755 964 patria
789 889 1013 943 abduxit
1057 889 1275 940 invitam
1304 911 1322 954 5

230 965 275 1016 A
304 980 404 1033 qua
435 966 591 1016 etiam
619 964 769 1016 urbem
796 967 1097 1033 cognominem
1122 959 1356 1014 homines
1384 960 1597 1019 habent.

231 1034 378 1088 Illius
409 1051 582 1089 autem
616 1035 757 1088 fluvii
798 1035 932 1087 circa
966 1031 1182 1104 frigidas
1208 1033 1346 1106 ripas

88 1114 185 1176 635
227 1108 433 1160 Secabis
460 1107 706 1182 Crystalli
732 1105 957 1162 nitidum
988 1103 1243 1178 lapidem,
1286 1104 1444 1158 veluti
1470 1105 1694 1177 glaciem

224 1180 531 1251 Hybernam
560 1203 578 1248 3
608 1181 830 1233 invenies
859 1197 977 1231 vero
1001 1179 1054 1231 ὃ(
1083 1177 1355 1230 caeruleam
1381 1177 1596 1251 Jaspim.

294 1254 376 1304 Iris
402 1268 574 1306 autem
599 1253 838 1325 deinceps
863 1249 1109 1322 limpidas
1133 1266 1294 1320 aquas
1323 1250 1376 1302 in
1408 1269 1549 1303 mare
1567 1249 1745 1303 mittit.

228 1322 346 1376 Post
369 1326 503 1378 hanc
533 1345 656 1379 vero
685 1338 1009 1378 murmurant
1036 1322 1232 1375 fluenta
1260 1325 1401 1393 Halys
1428 1321 1597 1387 fluvii,

230 1394 366 1465 Qae
390 1398 664 1451 trahuntur
691 1396 901 1450 boream
930 1392 1119 1457 versuS,
1148 1396 1407 1448 Carambim
1444 1411 1606 1469 prope
1631 1413 1878 1467 promons

87 1475 188 1531 640
225 1466 423 1523 Exorta
450 1471 674 1543 primum
694 1471 722 1521 e
747 1483 924 1524 monte
950 1468 1214 1521 Armenio,
1631 1469 1870 1539 [torium,

297 1544 591 1614 Paphlagones
615 1556 786 1595 autem
809 1540 923 1613 post
948 1538 1042 1594 hos
1070 1538 1137 1590 ad
1164 1538 1340 1590 littora
1369 1536 1643 1604 habitant,

226 1612 295 1664 Et
323 1615 725 1683 Mariandynorum
753 1612 990 1665 divinum
1010 1610 1207 1665 solum:
1243 1610 1329 1663 ubi
1357 1611 1634 1682 perhibent

220 1684 494 1739 Terrestris
528 1687 736 1739 Saturni
770 1687 1029 1756 ingentem
1065 1702 1264 1745 canem,
1330 1703 1523 1738 aeneam
1558 1703 1736 1738 vocem
1779 1685 1875 1740 ha-

225 1758 477 1811 Manibus
503 1758 787 1812 extractum
819 1757 1139 1829 magnanimi
1167 1755 1427 1821 Herculis,
1609 1758 1864 1828 [bentem,

84 1836 181 1895 645
226 1829 448 1884 Tetrum
478 1833 505 1882 ὲ
528 1827 763 1884 faucibus
790 1827 1050 1903 projecisse
1074 1827 1245 1882 salivae
1273 1828 1490 1882 fimilem
1516 1827 1738 1893 succum,

223 1901 399 1973 Qem
415 1901 626 1976 quidem
640 1906 829 1975 recepit
843 1920 993 1964 terra,
1021 1903 1071 1955 &
1094 1900 1393 1955 hominibus
1412 1908 1548 1955 noxa]
1564 1902 1869 1974 procreavit.

295 1974 463 2048 Prope
489 1992 660 2027 autem
692 1977 870 2047 Bithyni
892 1976 1141 2048 pinguem
1167 1988 1356 2026 terram
1384 1974 1682 2030 incolebant
1708 1998 1724 2029 z

219 2047 390 2097 Rhebas
418 2048 507 2101 ubi
537 2045 765 2100 amabile
792 2048 1025 2100 immittit
1052 2047 1324 2110 fluentum,

220 2118 406 2182 Rhebas,
427 2121 515 2191 qui
544 2120 695 2173 Ponti
708 2117 855 2191 juxta
883 2121 1013 2174 ostia
1040 2117 1253 2182 incedit,

78 2194 179 2255 650
217 2191 400 2254 Rhehffi,
439 2191 576 2264 cujus
605 2191 952 2264 pulcherrima
981 2191 1128 2264 super
1161 2206 1349 2244 terram
1390 2189 1612 2246 trahitur
1639 2190 1797 2247 unda.

292 2263 403 2317 Tot
425 2265 638 2336 quidem
664 2263 814 2317 Ponti
844 2263 1030 2318 accolae
1055 2264 1287 2317 homines
1320 2287 1332 2315 ε

217 2331 324 2388 111ae
349 2354 519 2390 autem
546 2336 800 2411 Scythicae
824 2354 945 2392 ante
970 2352 1264 2390 memoratae
1283 2351 1461 2408 gentes
1481 2333 1647 2390 sunto·

683 2490 740 2558 C
793 2493 853 2561 A
900 2490 971 2557 P.
1044 2493 1257 2559 XXII.

554 2601 652 2668 De
683 2599 923 2693 reliqua
954 2608 1181 2670 minore
1220 2604 1385 2687 Asta,

354 2751 485 2837 Une·
505 2772 626 2836 vero
650 2759 894 2838 marf'timae
921 2757 1032 2830 Afiae
1060 2756 1282 2840 tracium
1307 2754 1528 2827 eloquar
1558 2775 1578 2820 3
1863 2833 1870 2838 .

76 2906 175 2967 a„
218 2893 288 2946 Et
315 2824 1869 2975 3ᾱῗὲἓέἴῧὲᾖῗὲιῗὲξυῖξῖἷέιὲἒξὲῗῴωωῗᾱὲῗὲ,

232 2966 415 3041 Usque
440 2971 506 3024 ad
535 2968 699 3043 ipsam
720 2977 986 3045 Syriamque
1002 2977 1056 3029 8(
1083 2978 1368 3028 Armeniam.
1505 2999 1508 3001 ·

289 3043 560 3095 Chalcedonii
580 3043 795 3114 quidem
817 3045 1041 3118 primum
1062 3063 1226 3119 prope
1257 3045 1442 3097 ostium
1462 3056 1652 3098 terram
1674 3053 1869 3104 tenent,

219 3112 401 3169 Solum
427 3116 481 3168 in
511 3113 853 3172 transversum
879 3122 1158 3189 Byzantium
1183 3115 1487 3192 spectantes·

991 3208 1044 3265 O
1674 3174 1873 3276 Bebryces
