2034 3490
452 72 1443 152 INTERPRETATIO.
1745 106 1832 175 95

192 185 345 255 Spita
368 182 580 236 infinitis
601 180 943 236 inhorrescens
968 180 1194 253 squamis

192 253 422 325 Templo
449 255 502 306 in
523 255 740 307 amabili
762 279 775 307 z
814 253 903 308 ubi
930 251 1062 326 saepe
1084 250 1189 326 ipse
1207 255 1423 326 Apollo,

194 330 297 380 Aut
327 328 355 376 ὲ
383 328 540 377 Mileto
565 341 652 378 aut
675 329 703 378 ὲ
729 327 856 378 Claro
877 343 1036 396 quum
1063 344 1234 378 recens
1257 325 1486 393 advenit,

194 397 472 451 Subfistens
494 417 658 450 aureae
677 395 832 449 solvit
852 397 1113 451 vinculum
1133 396 1402 470 pharetrae.

56 493 156 542 290
266 468 394 521 Inde
413 470 465 520 in
495 466 729 521 occasum
750 469 912 539 vergit
937 467 1028 522 sub
1046 466 1228 541 jugum
1249 469 1439 524 celsum
1463 475 1730 545 Aracynthi,

194 542 479 593 Hominum
494 542 764 592 AEtolorum
782 539 1025 611 planities
1045 559 1256 612 magna,
1283 561 1444 614 quam
1466 559 1556 614 per
1572 544 1799 598 mediam

196 612 415 666 Labitur
435 613 658 735 tracilunss
694 615 1000 682 (aquarum)
1040 630 1196 683 agens
1223 617 1432 666 Achelous
1451 631 1711 688 argenteos
1723 635 1838 671 vor-

412 700 534 737 theS
593 702 621 735 a
662 703 770 735 ΕΗΒ.

268 754 370 807 Sed
402 755 514 826 post
541 753 761 817 AEtoloS,
799 753 870 808 ad
893 755 1074 809 flatum
1095 756 1344 829 Zephyri,

195 827 393 877 Dodonae
419 829 449 862 *
479 833 710 879 Continens
731 825 977 879 immensa
998 825 1155 898 usque
1182 827 1251 881 ad
1265 826 1446 900 jugum

57 918 150 964 295
196 896 506 969 Montesque
525 896 763 961 excelsOS,
803 917 935 969 quos
954 904 1188 952 Ceraunios
1212 916 1478 955 vocarunt.

195 969 308 1022 Ubi
337 972 579 1022 Ambracia
606 970 732 1023 olim
761 971 918 1034 stetit,
955 990 1122 1043 neque
1142 972 1326 1044 procul
1511 974 1513 977 ’

194 1047 391 1104 Αὲῗὶιινη,
428 1043 480 1095 &
509 1049 796 1094 Acarnanum
822 1061 980 1113 genus
1007 1042 1308 1097 immensum
1332 1044 1622 1101 hominum.

266 1119 313 1165 T
315 1114 488 1186 heffizlia
515 1131 684 1167 autem
704 1114 818 1185 post
838 1115 955 1178 hos,
991 1116 1044 1169 &
1070 1117 1338 1169 Macedoniae
1362 1116 1511 1171 urbes
1539 1138 1554 1168 :

196 1189 323 1239 Haec
352 1185 564 1255 quidem
584 1207 694 1240 erat
720 1187 887 1257 patria
910 1186 1083 1240 Pellaei
1106 1187 1411 1251 Alexandri,

56 1279 155 1329 300
194 1258 294 1311 Illa
323 1260 444 1310 ‘vero
474 1257 702 1312 Lariffaei
732 1258 921 1311 Pelidae
945 1258 1182 1313 Achillis.

267 1332 377 1384 Tot
393 1329 608 1402 quidem
627 1332 883 1386 Graeciam
911 1331 1039 1385 olim
1064 1331 1352 1385 habuerunt
1362 1343 1538 1402 gentes
1550 1331 1834 1391 hominum.

740 1471 796 1537 C
827 1479 886 1537 A
914 1470 983 1537 P.
1045 1472 1158 1540 IX.

58 1593 155 1664 De
186 1600 438 1684 antiqua
465 1587 710 1682 Illyride
735 1593 817 1664 εἰ»
855 1594 1060 1683 Moefia
1098 1595 1179 1666 ὄλ
1227 1596 1510 1682 Thracia,
1553 1627 1678 1693 qua
1706 1596 1841 1685 sttae

354 1704 530 1750 erant
555 1692 617 1750 in
645 1684 942 1754 hodierna
980 1689 1198 1754 Turcia
1226 1690 1543 1779 Europaea.

195 1823 403 1929 ILlinc
430 1823 498 1876 ad
524 1823 843 1877 Adriaticum
871 1825 1053 1890 finum,
1090 1822 1241 1898 supra
1269 1830 1550 1894 Graeciam,

282 1901 510 1965 Illyricum
537 1896 805 1967 quondam
827 1894 1012 1961 solum,
1053 1897 1198 1968 quod
1226 1902 1277 1953 in
1307 1901 1436 1956 duas
1460 1904 1706 1976 regiones.

196 1966 350 2022 Prisci
377 1966 674 2032 diviserunt,
714 1970 989 2021 Liburniam
1028 1969 1192 2043 (cujus
1219 1973 1416 2028 incolas

60 2065 150 2115 305
191 2043 440 2095 Homines
459 2060 593 2093 nunc
619 2058 808 2093 vocant
835 2047 1047 2113 Croatas)
1086 2047 1481 2119 Dalmatiamque.

270 2113 421 2165 Illinc
448 2112 514 2165 ad
544 2130 712 2166 ortum
741 2113 896 2184 Moesta
921 2131 1031 2167 erat
1057 2132 1285 2182 extenta,

195 2187 380 2257 Longa
408 2185 476 2238 ab
496 2183 708 2258 Illyrico
727 2184 887 2256 usque
913 2186 983 2240 ad
1009 2187 1270 2244 Euxinum
1299 2210 1457 2255 mare,

195 2259 264 2311 Et
290 2257 573 2312 Australior
600 2257 861 2330 profundo
884 2258 1043 2312 fluvio
1072 2261 1194 2328 Istro.
1684 2265 1844 2337 [bant

267 2329 406 2385 Infra
425 2330 557 2383 hanc
589 2331 884 2400 [Moesiam]
910 2332 1099 2383 Thraces
1121 2332 1419 2389 immensam
1441 2351 1633 2388 terram
1652 2332 1843 2391 incole-

55 2425 159 2472 310
194 2405 264 2457 Hi
286 2403 495 2476 quidem
522 2401 693 2455 subter
714 2401 970 2456 excelsam
991 2405 1221 2479 Rhodopen
1248 2408 1301 2461 ὃς
1330 2405 1564 2463 nivosum
1582 2411 1804 2473 AEmum‚

195 2475 279 2530 llli
296 2492 463 2530 autem
478 2473 623 2548 super
637 2473 982 2547 Hellespontfi
992 2477 1174 2549 rapide
1185 2480 1511 2544 fluentem,&
1526 2477 1672 2554 super
1687 2483 1841 2554 ipfius

192 2550 357 2620 AEgaei
385 2546 697 2619 profundam
717 2547 912 2601 undam
938 2548 1202 2605 multisoni
1233 2554 1385 2608 maris
1414 2577 1428 2607 z

193 2622 299 2674 Alii
329 2623 486 2674 etiam
511 2621 578 2673 acl
596 2619 762 2672 latera
784 2619 1113 2693 Propontidis
1143 2646 1156 2675 ε

196 2694 304 2747 Alii
333 2695 489 2746 etiam
519 2689 682 2745 rursus
702 2691 872 2764 supra,
910 2694 1000 2746 ubi
1028 2694 1226 2748 austum
1254 2695 1403 2749 vadit
1427 2692 1616 2749 fretum

58 2782 150 2833 315
192 2767 411 2839 Bosphori,
433 2766 518 2837 qui
535 2781 640 2818 erat
661 2764 788 2817 olim
804 2766 871 2818 ab
893 2765 1008 2838 ipfis
1033 2766 1387 2837 [Thracibus]
1416 2770 1810 2838 cognominatus
1826 2797 1839 2824 ς

194 2843 351 2893 Nunc
381 2855 552 2892 autem
573 2836 693 2890 huic
720 2857 905 2890 nomen
935 2837 1081 2891 dedit
1100 2840 1223 2893 urbs
1251 2841 1436 2913 Magni
1460 2841 1617 2913 Regis

194 2912 492 2979 Constantini,
532 2914 719 2981 (quam
741 2911 794 2963 &
821 2916 1093 2980 Byzantium
1118 2911 1266 2965 aliter

196 2983 410 3055 Antiqui
430 2986 705 3052 vocarunt)
743 2981 940 3054 inclyta
968 2983 1262 3056 vicinaque,

196 3058 367 3128 Atque
392 3056 547 3107 etiam
574 3054 783 3108 Turcici
811 3054 971 3127 Regis
996 3057 1252 3112 munitum
1285 3053 1629 3125 domicilium,

359 3147 381 3167 *ἶ
409 3143 497 3182 Hoc
515 3143 584 3191 est,
612 3143 767 3198 Epirm,

1730 3203 1842 3269 Qui
