2034 3490
708 63 779 130 N
823 60 888 131 O
935 61 1001 131 T
1047 63 1145 132 AE.
1733 88 1811 156 53

51 195 149 231 rum
175 185 346 227 autem
372 170 559 224 dicitur
577 171 800 241 angustae
818 169 1002 234 fauceS,
1042 188 1133 243 per
1156 187 1286 241 quas
1300 183 1356 224 ut
1376 172 1656 242 plurimum
1674 193 1818 229 mare

51 253 104 301 in
131 247 293 300 finum
318 243 640 312 immittitur)
668 243 739 296 ita
766 243 1064 316 appellatur
1091 242 1158 295 ab
1183 242 1411 313 Hudfhnio
1438 245 1734 317 Anglo,qui
1761 268 1818 299 u-

48 335 289 387 trumque
314 318 505 388 primus
532 312 741 366 detexit.
756 317 862 369 Sub
882 315 1088 368 nomine
1106 329 1277 367 autem
1304 314 1438 367 finus
1458 317 1675 387 Hucffonii
1705 317 1818 371 heic

47 390 284 460 intelligo
311 407 464 452 omne
486 385 620 437 illud
644 404 805 451 mare,
851 386 995 459 quod
1021 384 1154 439 ultra
1173 384 1360 438 fretum
1378 388 1656 458 Hudsonium
1684 390 1820 442 intra.

47 472 234 515 Novam
260 463 543 512 Britanniam
566 458 619 510 ὃ(
646 459 901 511 Cambriam
919 445 1175 530 recipitur,
1198 459 1250 511 &
1267 457 1508 528 distingui
1530 458 1658 512 solet
1686 462 1735 512 in
1760 461 1819 514 fi-

45 554 170 588 num
196 531 477 603 Hudsontum
489 533 659 607 Proprie
684 530 866 593 dissum,
906 532 1068 584 finum
1094 536 1368 593 Battinium,
1398 529 1630 603 aliosque
1655 533 1823 585 mino-

45 609 114 660 ris
142 620 290 657 notae.

119 697 167 729 v,
198 696 274 741 75.
303 675 450 741 aipein]
477 675 611 726 Inter
635 675 780 725 lacum
807 673 1021 744 &finum
1047 677 1074 725 Ξι
1102 674 1433 746 Geographis
1460 675 1697 729 statuitur
1723 673 1822 729 hoc

54 747 346 809 discrimen,
374 746 518 818 quod
527 745 654 815 fimes
684 745 711 796 e
737 749 864 798 mari
893 760 1037 819 aperte
1060 746 1296 818 prodeat,
1332 769 1419 799 non
1448 748 1572 800 item
1597 749 1730 801 laem.

121 843 169 874 v.
204 827 282 886 76.
313 821 529 886 Κασπίη]
554 819 705 871 Mare
722 817 820 869 hoc
845 817 1141 891 appellatur
1169 833 1276 871 tam
1305 819 1508 891 Caspium
1528 839 1687 891 quam
1707 825 1825 889 Hyr—

48 914 231 955 canum,
255 896 283 943 ὲ,
307 891 510 945 duobus
538 891 744 963 populis
771 890 1162 962 cognominibus
1191 890 1539 945 Meridionale
1559 889 1820 963 ejuslittus

47 967 176 1019 olim
202 963 570 1018 accolentibus.

122 1057 170 1089 v.
191 1038 276 1092 82.
296 1038 445 1103 ςῖᾰλοιι]
462 1031 690 1087 Dehisce
704 1033 958 1088 columnis
971 1033 1238 1088 Herculeis
1252 1034 1531 1089 variaesunt
1542 1037 1827 1108 opiniones:

50 1107 385 1164 Manifestum
409 1108 481 1160 est
505 1107 606 1174 (uti
624 1104 858 1159 observat
872 1111 1040 1177 Hillm)
1064 1107 1365 1179 Dionysium
1386 1124 1586 1162 montes
1600 1108 1729 1161 duos
1749 1111 1826 1161 in-

48 1181 298 1252 telligere,
331 1198 549 1252 quorum
568 1177 699 1231 alter
715 1179 766 1231 in
780 1177 1031 1249 Hispania
1052 1179 1188 1241 fitus,
1203 1182 1329 1248 Calpe
1348 1177 1605 1251 plerisque
1619 1180 1826 1245 dicitur,

48 1253 297 1326 Dionyfio
324 1268 496 1306 autem
511 1253 632 1303 Alihe
647 1253 719 1318 (v,
743 1260 865 1317 336.
887 1249 1326 1323 Perieg.Dionys.)
1345 1252 1473 1305 alter
1494 1253 1545 1304 in
1575 1254 1827 1306 Maurita2

46 1327 153 1389 nia,
193 1327 282 1396 qui
308 1327 457 1394 Alayla
483 1323 564 1377 vel
587 1325 774 1375 Abemza
792 1323 996 1375 dicitur.
1028 1321 1195 1376 Hosce
1221 1341 1420 1377 montes
1440 1326 1719 1378 Herculem
1749 1325 1827 1377 di-

48 1398 248 1451 vulfiffe
259 1396 560 1450 fabulantur
574 1395 931 1467 vetere8,quod
943 1395 1189 1448 Hercules
1201 1397 1394 1468 Tyrius
1412 1396 1480 1449 ad
1497 1397 1676 1450 Gades
1688 1398 1828 1464 colo-

46 1472 187 1524 niam
204 1469 415 1533 ducenS,
435 1487 528 1541 per
551 1467 738 1520 fretum
764 1468 861 1520 hoc
884 1470 1078 1539 primus
1095 1468 1374 1539 navigavit.
1395 1472 1530 1524 Cum
1547 1489 1670 1522 vero
1683 1488 1829 1522 mon-

47 1561 122 1596 tes
149 1544 228 1596 isti
254 1541 387 1595 nihil
408 1542 638 1595 habeant
666 1539 921 1595 columnis
948 1541 1128 1605 fimile,
1153 1541 1430 1611 probabile
1450 1540 1617 1594 censet
1636 1542 1828 1594 Strabo

47 1614 326 1669 Herculem
354 1613 620 1667 columnas
640 1631 780 1667 veras
809 1612 1002 1666 ibidem
1019 1612 1243 1678 erexisse,
1266 1629 1520 1686 tanquam
1541 1616 1658 1667 finis
1671 1617 1825 1668 Mun-

48 1686 125 1752 di,
153 1688 206 1741 &
230 1685 609 1759 expeditionem
638 1683 840 1739 suarum
866 1701 1015 1738 notas
1040 1709 1056 1752 3
1082 1687 1133 1740 3<
1156 1685 1279 1739 licet
1303 1702 1505 1759 tempus
1532 1684 1664 1759 ipsas
1685 1686 1825 1739 dele-

48 1761 198 1822 verit,
234 1779 421 1812 nomen
450 1760 502 1812 in
529 1759 677 1820 locis,
715 1759 804 1811 ubi
832 1758 1098 1830 quondam
1123 1757 1329 1823 fuerint,
1387 1758 1688 1812 remansisse.
1735 1758 1827 1810 Vi·

47 1832 271 1886 deantur
293 1831 409 1884 aliae
432 1831 498 1885 de
526 1831 794 1884 Columnis
813 1829 950 1883 hisce
975 1832 1246 1902 opiniones
1264 1831 1406 1904 apud
1430 1832 1600 1885 Strab.
1618 1832 1709 1884 lib.
1738 1852 1786 1897 3.

119 1926 168 1958 v.
208 1905 293 1971 87.
333 1906 562 1971 Πορέῑμὸς]
593 1905 672 1956 De
704 1901 853 1966 freto,
890 1903 1100 1957 consule
1125 1920 1274 1957 notas
1303 1903 1372 1956 ad
1393 1923 1438 1956 v.
1470 1924 1549 1969 72.

128 1978 405 2044 saA‘etfflxbv]
434 1980 640 2047 Nempe
668 1977 738 2029 ob
764 1978 987 2029 vicinam
1010 1974 1233 2030 Insulam
1259 1977 1430 2030 Gadi-ra
1453 1976 1668 2040 Graecis,
1686 1975 1827 2028 Gades

49 2050 250 2115 Latinis
275 2049 490 2102 difiam.
544 2051 750 2102 Fretum
782 2049 905 2102 item
926 2050 1187 2101 Herculeum
1204 2047 1405 2104 dictum
1432 2049 1504 2104 est
1527 2049 1596 2102 ob
1617 2046 1824 2101 causam

49 2128 103 2179 in
131 2139 253 2175 nota
282 2120 351 2174 ad
372 2142 420 2173 v,
451 2122 533 2176 82.
572 2137 926 2175 memoratam.

117 2215 164 2246 v.
197 2193 476 2263 90.''A5÷0;·‚
494 2194 526 2243 {i
540 2196 565 2261 ]
595 2197 800 2268 Nempe
816 2191 963 2265 juxta
985 2193 1245 2247 Articulos
1258 2192 1402 2247 Pacis
1429 2211 1593 2266 nuper
1616 2194 1755 2246 initae
1772 2192 1826 2245 ἃ.

45 2265 287 2321 εοηῖθὲῗκ
313 2265 455 2336 apud
482 2268 781 2338 Ultrajeffam
809 2274 1109 2330 Batavorum,
1139 2266 1296 2339 vulgo
1316 2268 1525 2329 Utrecbt,
1564 2268 1697 2318 inter
1722 2268 1829 2319 An-

48 2340 162 2413 glos
191 2339 319 2407 (five
345 2340 648 2407 Britannos)
676 2341 729 2393 &
758 2337 1044 2411 Hispanos,

119 2432 167 2464 v,
193 2431 276 2478 94.
308 2412 544 2480 Γαλάτης]
574 2411 680 2482 Qi
707 2414 956 2466 Romanis
980 2415 1115 2473 Galli,
1139 2410 1337 2465 Graecis
1364 2412 1596 2475 Γαλσῖτοα,
1625 2409 1711 2464 sua
1739 2430 1830 2469 au—

48 2500 153 2537 tem
179 2484 358 2556 lingua
388 2484 540 2552 (teste
568 2483 793 2555 Caesare)
823 2486 951 2536 Celtae
977 2482 1102 2538 dieti
1129 2482 1240 2536 sunt
1269 2508 1285 2550 3
1324 2503 1432 2555 quo
1458 2485 1616 2537 etiam
1653 2485 1819 2536 nomi·

50 2577 115 2610 ne
141 2572 252 2609 tam
280 2556 478 2611 Graecis
500 2576 660 2628 quam
689 2557 888 2611 Latinis
917 2576 1023 2609 non
1051 2575 1169 2609 raro
1197 2557 1553 2629 appellantur.

117 2649 165 2682 v.
190 2650 270 2699 95.
296 2632 587 2698 Μοιωοιλικὸν]
627 2631 824 2702 Saepius
837 2630 993 2682 etiam
1008 2628 1308 2704 appellatur
1319 2628 1476 2682 hodie
1495 2629 1602 2683 alio
1621 2628 1831 2682 nomine

51 2705 184 2754 Mare
211 2706 475 2765 Provinciae,
528 2721 715 2774 nempe
762 2707 790 2755 ἐι
816 2703 979 2755 vicina
1009 2701 1276 2755 hodiernae
1327 2702 1560 2755 Franciae
1600 2703 1826 2772 regione,

49 2793 162 2844 quae
190 2774 436 2826 Romanis
460 2773 590 2826 olim
628 2775 921 2847 emphatice
967 2780 1212 2827 Provincia
1249 2773 1389 2827 dic'ta
1419 2774 1513 2836 est,
1566 2773 1712 2846 quod
1740 2793 1830 2826 no-

49 2864 166 2899 men
194 2863 482 2899 etiamnum
512 2862 715 2900 retinet.

124 2938 171 2970 V.
207 2939 320 2973 100.
352 2920 524 2986 Κύρνον]
553 2918 686 2989 Qae
714 2919 891 2983 Kv'ev&
922 2918 1139 2984 Graecis,
1170 2914 1372 2974 Latinis
1406 2920 1520 2988 (uti
1550 2920 1600 2973 8<
1630 2917 1726 2972 suis
1757 2920 1833 2971 in·-

51 2989 197 3052 colis,
236 2992 358 3044 teste
384 2989 625 3062 Dionys.)
648 2990 917 3045 dicebatur
957 2992 1145 3064 Corsica,
1174 2992 1316 3064 quod
1336 3010 1524 3046 nomen
1549 2995 1834 3046 etiamnum

54 3062 107 3113 in
137 3060 225 3115 usu
254 3064 341 3116 est.

126 3152 171 3188 V·
206 3133 629 3204 102‚Tv90>1r.1'502·]
659 3135 807 3199 Mare
832 3137 1150 3207 Tyrrhenicum
1198 3138 1298 3193 five
1323 3134 1521 3211 Tzescum
1590 3136 1701 3191 alio
1740 3153 1832 3192 noe

1690 3224 1838 3261 -mme
