2039 3495
215 101 340 169 108
605 95 1594 172 INTERPRETATIO.

345 207 483 263 Diffi
497 211 671 283 proprie
693 211 827 277 Syrii‚
867 205 996 259 olim
1023 207 1377 263 inhabitantes

344 280 555 333 Antiochi
581 280 727 332 urbem
759 280 808 332 &
840 279 995 332 Sacra
1023 280 1231 352 Tempe
1256 282 1461 354 Daphnes
1489 304 1509 349 3

347 354 459 407 Ubi
477 351 705 406 mediam
733 352 994 424 regionem
1021 349 1219 405 dirimit
1243 350 1475 425 liquidus
1503 361 1700 412 Orontes.

209 448 305 495 740
376 425 464 481 Illi
489 441 662 478 autem
686 422 819 479 infra
849 422 916 475 ad
944 441 1184 496 pontum,
1226 429 1533 497 cognomine
1573 431 1805 496 Phoenices,

344 501 542 555 Eorum
573 497 842 550 hominum
864 515 927 548 ex
959 517 1159 568 genere,
1192 500 1283 572 qui
1313 501 1345 535 *
1373 501 1597 571 Erythraei
1621 500 1841 568 fuerunt,

347 573 456 639 Qi
481 573 633 645 primi
659 570 880 623 navibus
905 571 1190 641 periculum
1209 570 1434 625 fecerunt
1458 574 1629 638 mariS,

341 646 500 700 Primi
518 645 640 697 item
666 661 1010 696 mercaturam
1037 647 1168 698 mari
1198 663 1382 717 vagam
1410 646 1786 719 excogitarunt,

340 722 516 791 Atque
538 713 856 789 profundam
883 716 1164 772 coelestium
1185 714 1421 790 syderum
1451 720 1587 774 viam
1605 718 1960 787 observarunt,

200 814 299 866 745
341 793 452 862 Qui
478 794 651 862 Tyrum
677 790 949 861 antiquam
976 791 1029 843 ὃ(
1056 791 1264 844 Sidonem
1291 789 1606 845 incolebant.

419 863 569 917 Illinc
596 863 856 925 Judaeorum
883 859 1080 918 sacrum
1108 883 1270 936 genus
1296 864 1429 916 circa
1461 863 1677 919 fluvium

345 937 561 993 Clarum
590 937 825 1000 Jordanis‚
855 936 946 1007 qui
985 944 1168 989 Gazam
1194 935 1510 1001 incolebant,

346 1011 419 1063 Et
444 1015 659 1083 Joppam,
690 1010 743 1062 &
770 1008 926 1062 valde
952 1008 1187 1063 divinam
1214 1009 1397 1063 urbem
1422 1009 1845 1085 Hierosobrmorum,

344 1083 415 1137 Et
439 1083 603 1136 multa
630 1082 734 1136 alia
763 1081 959 1154 oppida
984 1087 1120 1155 Syriae
1145 1083 1389 1152 Palestinae.

210 1177 307 1227 750
377 1155 480 1209 Sed
508 1172 760 1228 quantam
787 1170 973 1208 terram
1001 1156 1235 1227 porrecia
1266 1154 1395 1209 alibi
1419 1154 1525 1208 alia

346 1227 584 1282 Mediam
608 1230 657 1282 ὃ(
687 1226 936 1280 humilem
964 1229 1136 1280 Libani
1160 1226 1278 1299 juga
1307 1226 1554 1292 fecerunt,

349 1302 585 1355 Tantam
607 1303 635 1370 †
655 1300 928 1376 Coelesyriam
956 1293 1192 1355 homines
1216 1300 1473 1356 dixerunt.

815 1396 876 1462 C
908 1396 968 1462 A
996 1395 1066 1462 P.
1137 1395 1385 1462 XXIV.

546 1507 642 1572 De
674 1503 895 1571 Arabia
928 1508 1182 1592 antiqua
1228 1501 1310 1574 ὠ
1338 1500 1660 1573 hodierna.

346 1638 538 1743 SAne
565 1631 780 1704 quidem
806 1634 833 1682 ὲ,
865 1631 1035 1703 Syria,
1074 1627 1144 1682 ad
1172 1645 1340 1683 ortum
1367 1628 1717 1702 austrumque,

448 1712 653 1763 Natura
680 1704 940 1778 triplicem
965 1704 1132 1757 Arabes
1157 1703 1389 1756 incolunt
1415 1720 1622 1756 terram.

199 1807 297 1856 755
342 1784 559 1848 Quinta
589 1779 725 1833 enim
752 1778 954 1852 Syriam
986 1778 1113 1829 inter
1135 1774 1188 1827 &
1215 1774 1538 1848 Euphratem

345 1852 671 1915 Extenditur,
698 1871 801 1924 prce
831 1848 1005 1903 multis
1033 1848 1198 1901 arenis
1223 1849 1294 1901 est
1321 1849 1508 1922 deserta,

341 1929 412 1982 Et
438 1927 578 1980 illius
619 1926 842 1996 regionis
868 1924 965 1975 rari
991 1919 1105 1974 sunt
1125 1921 1321 1974 incolae.

416 1998 515 2054 Sed
557 1996 687 2051 infra
719 1996 993 2051 australem
1019 1995 1225 2067 Syriam
1251 1993 1304 2046 ἃ
1335 1992 1403 2048 ad
1424 1991 1658 2048 seceffum
1688 1994 1818 2050 finus

344 2073 573 2135 Arabici,
610 2071 767 2142 longe
795 2070 1006 2139 lateque
1032 2065 1237 2138 dispersi
1268 2070 1494 2120 eminent
1516 2083 1743 2121 montes:

206 2161 299 2212 760
339 2148 674 2220 Qapropter
701 2143 944 2215 [terram]
969 2140 1117 2193 illam
1145 2138 1389 2193 dixerunt
1416 2141 1633 2192 Arabiam
1642 2155 1868 2212 petraeam.

414 2218 546 2272 [nde
569 2236 689 2269 vero
720 2219 788 2252 **
810 2216 1118 2289 ditissimorum
1138 2212 1372 2266 Arabum
1389 2211 1587 2285 adjacet
1616 2230 1770 2277 terra,

344 2290 576 2345 Multum
603 2289 896 2351 ascendens,
936 2286 1134 2357 duplici
1158 2286 1473 2339 circumdata
1501 2287 1647 2350 mari,

343 2363 563 2435 Pefficoq3
587 2365 862 2433 Arabicoque
883 2386 894 2412 :
916 2364 1070 2412 ventfi
1091 2374 1264 2410 autem
1280 2356 1511 2412 sortitum
1526 2358 1597 2410 est
1619 2360 1985 2436 unumquodq3

347 2437 630 2490 Arabicum
656 2435 977 2507 Zephyrum,
1009 2431 1258 2484 Persicum
1279 2452 1398 2486 vero
1427 2431 1550 2484 Euri
1575 2434 1698 2485 vias.

207 2520 295 2575 765
341 2509 514 2561 Limes
545 2525 713 2562 autem
744 2508 819 2559 illi
843 2503 1079 2559 australis
1106 2503 1373 2558 conversus
1402 2503 1469 2557 ad
1505 2505 1751 2560 orientem

344 2581 573 2635 Alluitur
600 2582 760 2632 Rubris
787 2578 1029 2632 fluf’tibus
1069 2575 1265 2630 oceani.

344 2655 517 2707 Etiam
543 2651 688 2725 hujus
715 2652 810 2706 tibi
832 2652 951 2703 fitus
977 2649 1220 2718 eloquar:
1246 2649 1430 2704 eximie
1457 2651 1593 2702 enim
1621 2647 1786 2720 ipsum

345 2728 481 2780 inter
499 2746 674 2779 omnes
692 2725 875 2796 [alios]
892 2722 1044 2776 valde
1056 2722 1251 2795 opuleti
1267 2727 1318 2778 &
1333 2723 1560 2794 insignes
1573 2723 1752 2796 populi
1768 2722 1987 2779 colebat.

344 2800 503 2854 Aliud
524 2800 810 2872 quinetiam
830 2795 1136 2849 miraculum
1166 2796 1319 2849 valde
1348 2814 1596 2868 magnum
1620 2796 1811 2868 obtigit
1836 2796 1912 2849 illi
1942 2819 1962 2864 3

211 2900 305 2933 »τῳ
347 2879 558 2945 Semper
583 2870 816 2943 fragrans
843 2869 1123 2931 Aromatis,
1158 2867 1375 2923 suaviter
1392 2866 1593 2921 subolet

340 2946 440 3001 Vel
467 2946 601 3007 thus,
623 2945 705 2997 vel
732 2942 1017 3016 myrrham,
1046 2941 1125 2993 vel
1162 2943 1292 2995 bene
1316 2941 1596 2995 odoratum
1634 2940 1913 3006 calamum,

346 3026 443 3075 Aut
470 3019 626 3071 etiam
654 3016 891 3070 divinum
919 3010 1255 3068 maturescens
1291 3015 1427 3077 thus,

346 3092 439 3145 wel
470 3090 673 3145 Cafiam
698 3113 714 3156 3
753 3107 923 3142 revera
955 3087 1090 3138 enim
1121 3088 1170 3139 in
1197 3104 1327 3141 terra
1357 3086 1508 3140 solvit
1530 3085 1622 3139 illa

401 3186 412 3204 ⁴
438 3183 501 3226 H.
521 3196 558 3226 e,
579 3179 693 3222 Rubri
717 3177 850 3224 maris
871 3174 1043 3220 accolae.
1111 3174 1138 3226 †
1166 3179 1227 3221 H.
1247 3191 1284 3223 e,
1310 3182 1447 3220 (avam
1468 3178 1626 3237 Syriam.
1648 3179 1691 3201 ‘⁷‘
1710 3175 1860 3220 drabiae
1874 3179 1985 3233 felix.

1771 3277 1775 3282 .
1789 3233 1987 3309 Jupiter
2038 3305 2039 3314 ἵ
