2034 3490
474 60 1484 136 INTERPRETATIO.
1741 83 1863 148 109

228 175 428 248 Jupiter
451 172 616 246 ipsum
645 172 904 227 Bacchum
930 167 1176 224 benesuto
1203 174 1232 221 ὲ
1265 167 1458 222 femore
1488 190 1507 234 3

99 270 190 318 ‘775
235 245 451 299 Proinde
486 261 610 298 nato
639 245 854 298 odorata
884 241 1225 297 nascebantur
1243 242 1434 293 omnia.

240 320 378 372 Oves
405 318 693 388 quinetiam
719 333 838 369 tunc
867 315 1028 370 densis
1049 314 1393 366 onerabantur
1412 308 1690 365 velleribus

235 393 294 444 In
324 388 540 460 pascuis,
575 385 753 442 subitis
781 390 900 440 item
927 387 1304 440 delabebantur
1329 385 1475 456 aquis
1504 383 1643 435 lacus
1671 403 1684 432 z

237 463 487 515 Volucres
514 460 711 532 insuper
738 460 948 513 aliunde
974 480 1076 512 non
1103 458 1351 513 habitatis
1380 457 1448 510 ab
1475 452 1655 508 Infulis

234 538 516 595 Venerunt,
541 531 669 585 folia
703 531 917 585 ferentes
954 533 1260 585 fincerorum
1286 531 1709 582 cinamomorum.

99 608 193 676 780
234 609 304 661 At
333 608 451 658 vero
472 605 562 658 ille
587 604 786 657 hinnuli
813 603 1001 676 pellem
1030 605 1081 656 in
1102 603 1342 657 humeros
1365 598 1620 663 extendit,

238 680 308 731 Et
334 676 522 731 hedera
542 674 768 748 jucunda
797 676 1037 748 pulchras
1060 675 1261 728 ornavit
1286 693 1461 727 comas
1491 695 1508 737 3

237 750 425 804 Ebrius
452 765 621 802 autern
651 751 768 800 vino
795 748 1045 821 implexos
1073 745 1330 818 quaffavit
1355 743 1554 818 thyrsos

235 820 441 877 Blande
455 821 604 885 rides,
622 823 673 873 3<
689 840 902 892 magnas
917 821 1212 875 hominibus
1227 820 1330 873 illis
1342 817 1547 871 divitias
1558 813 1862 891 superfudit,

235 895 415 965 Qare
437 893 499 946 ad
523 893 657 947 hunc
685 891 841 964 usque
867 894 1006 946 diem
1035 893 1181 946 thure
1208 891 1498 965 gloriantur
1522 909 1662 953 arva,

104 967 195 1033 785
243 969 448 1021 Montes
475 983 648 1019 autem
669 985 811 1028 aum,
841 966 1194 1019 fluminaitem
1211 965 1314 1017 alia
1327 985 1389 1017 ex
1402 978 1550 1036 parte
1569 961 1874 1015 odoramen·

242 1038 341 1111 Ipfi
356 1056 528 1091 autem
542 1038 720 1091 incolae
734 1038 888 1090 valde
902 1039 1208 1110 opulentum
1226 1035 1478 1111 populum
1493 1034 1706 1096 habent,
1763 1034 1871 1104 [tis.

235 1111 413 1166 Aureis
440 1112 660 1164 vestibus
682 1109 963 1181 gloriantes
1001 1110 1265 1164 mollibus,

308 1184 377 1236 At
397 1202 516 1235 vero
543 1184 697 1256 primi
724 1182 856 1236 ultra
882 1182 1234 1236 declivitatem
1257 1177 1504 1234 celsorum
1522 1180 1802 1241 montium,

238 1254 387 1309 Olim
413 1254 726 1308 habitabant
751 1272 1096 1327 cognomento
1125 1255 1366 1308 Nabatbaei
1393 1276 1410 1319 3

109 1350 202 1398 790
242 1327 311 1379 Et
338 1345 502 1399 prope
528 1334 730 1390 Scenitae,
760 1326 1033 1399 gentesque
1057 1334 1386 1380 Saracenorum
1408 1323 1738 1377 terribilium.

238 1398 319 1453 Ad
353 1402 576 1453 austrum
594 1400 830 1472 deinceps
855 1402 996 1463 Sabae,
1027 1419 1182 1470 genus
1210 1398 1458 1470 inclytum
1486 1399 1735 1459 virorum,

236 1470 473 1540 Aliaeque
500 1474 731 1543 ingentes
766 1475 1000 1525 nationes
1025 1474 1204 1524 Felicem
1230 1471 1525 1524 incolebant

235 1543 482 1596 Arabiam
513 1569 530 1611 3
556 1545 643 1598 ubi
666 1565 797 1597 nunc
808 1543 956 1617 juxta
983 1545 1144 1597 finum
1163 1546 1521 1617 cognominem
1549 1541 1671 1596 sunt

236 1620 392 1669 Mecca
411 1618 461 1670 8(
491 1619 691 1679 Medina,
738 1617 843 1669 duo
871 1617 1012 1670 clara
1040 1617 1238 1689 oppida
1269 1641 1284 1683 3

102 1707 192 1756 795
236 1689 292 1740 In
322 1687 416 1741 hac
445 1691 581 1742 enim
603 1689 830 1743 tumulus
864 1689 1203 1755 Mahometi3‚
1238 1692 1290 1743 in
1309 1689 1401 1743 illa
1415 1703 1590 1743 autem
1618 1686 1879 1741 nativitas.

100 1944 198 2006 De
226 1943 477 2030 amiqua
503 1829 1226 2025 Μεβρῗῐίιῖιίῗέιέἒῖιςέ
1238 1878 1552 2019 ‘Babylonia
1573 1928 1674 1996 vel
1701 1926 1883 1995 Chal-

187 2033 335 2114 daea,
378 2034 457 2098 Θ
502 2029 802 2107 Armenia,
861 2052 991 2116 qnae
1031 2032 1311 2092 omnesin
1341 2026 1633 2090 hodierna
1659 2020 1877 2089 Turcia

187 2124 448 2207 Astacica
492 2124 757 2185 maxima
785 2141 862 2183 ex
899 2136 1072 2207 parce
1093 2114 1404 2205 jacebant.

243 2260 404 2364 SEd
443 2259 514 2312 ad
541 2274 708 2312 ortum
737 2260 899 2330 Syriae
929 2260 981 2313 ὃ(
1011 2255 1234 2312 arenosa:

344 2333 565 2396 Arabiae,
614 2329 901 2403 profundus
929 2330 1097 2385 cursus
1125 2330 1349 2385 trahitur
1375 2333 1637 2402 Euphratis,

243 2406 354 2478 Qi
379 2404 497 2458 sane
525 2406 745 2477 primum
772 2403 987 2475 quidem
1017 2409 1044 2457 e
1072 2420 1244 2456 monte
1265 2405 1510 2457 Armenio

245 2479 457 2549 Longus
470 2479 521 2530 in
539 2478 762 2530 austrum
777 2478 1098 2548 progreditur
1112 2500 1128 2544 5
1146 2474 1340 2529 rursum
1357 2479 1475 2528 vero
1490 2472 1749 2529 anfractus
1762 2492 1880 2526 con-

103 2555 204 2607 800
243 2552 434 2605 Contra
454 2548 630 2612 solem,
662 2551 886 2602 mediam
899 2551 1158 2620 Babylonem
1172 2546 1547 2621 praeterlapsus,
1604 2551 1880 2618 [torquens

241 2622 400 2693 Pefflci
426 2623 476 2674 in
499 2624 654 2675 maris
684 2623 896 2677 fluctum
925 2622 1165 2695 rapidam
1194 2621 1385 2674 evomit
1409 2619 1663 2694 spumam,

239 2696 496 2748 Extremis
520 2695 724 2748 fluentis
750 2702 797 2746 T
793 2696 1011 2748 ‹er-edonem
1030 2694 1175 2768 juxta
1203 2713 1396 2747 means.
1709 2692 1883 2762 [nium

317 2766 474 2820 Hunc
486 2784 654 2820 autem
670 2767 800 2840 post,
819 2769 869 2820 in
883 2771 1148 2831 orientem,
1165 2768 1439 2823 fluviorum
1462 2763 1754 2817 celerrimus
1773 2782 1883 2815 om-

242 2843 389 2911 Tigris
414 2838 754 2911 pulchrifluus
779 2840 936 2893 fertur
963 2840 1215 2894 fluentum
1243 2838 1500 2911 aequabile
1526 2855 1698 2908 agenS,

104 2911 166 2966 80
176 2931 200 2982 5
240 2913 474 2965 Tantum
489 2912 766 2984 procul[ab
781 2913 1075 2985 Euphrate]
1098 2912 1505 2983 labensfluantfi
1520 2910 1669 2981 [viae]
1688 2907 1879 2981 septem

236 2982 497 3040 Robustus
509 2984 561 3038 ὃς
583 2985 715 3037 celer
729 2987 978 3040 conficere
1000 2986 1164 3057 potest
1178 2984 1362 3047 viator,
1380 2982 1587 3055 [diebus
1605 2983 1849 3037 incedens

237 3052 329 3110 Est
355 3073 529 3110 autem
557 3057 795 3127 quaedam
824 3059 875 3112 in
917 3058 1091 3113 medio
1134 3057 1429 3110 circumflua
1458 3055 1609 3110 undis
1637 3056 1810 3129 paluS,

246 3130 303 3184 N
307 3129 843 3205 omineThonitis,cujus
853 3130 1073 3186 trahitur
1092 3132 1143 3185 in
1160 3128 1885 3205 intima[penetralia]Tigris,

1818 3203 1884 3255 Se
