2039 3495
114 2753 131 2782 ρ

207 57 332 126 106
614 39 1574 117 INTERPRETATIO.

348 159 546 227 Bebryces
572 168 746 207 autem
763 153 877 225 post
897 152 1012 215 hoS‚
1049 152 1103 204 &
1131 164 1329 201 montes
1355 148 1506 219 Myfiae
1535 165 1699 217 terrae,

209 244 308 287 660
350 232 475 295 Qua
501 242 731 280 amoenas
760 230 858 278 Cius
877 222 1083 298 projicit
1110 219 1298 284 undaS,

350 300 507 373 Cujus
525 299 651 352 olim
669 296 817 368 juxta
839 297 1034 350 fluenta
1057 292 1260 366 Hylum
1286 290 1464 363 rapuit
1488 293 1744 367 nympha,

349 380 627 430 Strenuum
652 369 907 423 famulum
939 367 1160 440 ingentis
1187 362 1448 418 Herculis.

422 445 554 500 Inde
573 445 624 496 in
650 440 1048 514 Hellespontum
1064 438 1321 511 procurrit
1352 434 1624 490 immensus
1651 438 1813 492 flexus

349 523 539 574 Minoris
566 519 792 585 Pbiygiae:
832 513 1007 567 Altera
1035 513 1159 564 vero
1187 511 1324 562 intus
1351 510 1443 563 fita
1465 509 1557 574 est,

207 605 306 664 665
350 594 532 647 Latior
556 606 672 660 quae
709 587 800 649 est,
840 585 908 638 ad
944 604 1110 657 aquas
1144 588 1349 654 Sangarii
1374 608 1387 635 ι

349 668 545 720 Verum
564 680 729 730 magna
751 658 969 729 quidem
996 656 1065 709 ad
1093 670 1263 709 ortum
1290 669 1498 709 extenta
1524 654 1616 718 est,

348 740 621 810 Equorum
649 729 824 793 altrix,
845 725 1190 804 pinguisque3
1221 726 1290 780 ad
1311 726 1549 781 occasum
1580 740 1752 781 autem
1783 746 1957 782 cernes

351 811 603 868 Alteram,
637 823 751 875 quae
773 804 867 856 fita
894 806 965 857 est
985 800 1154 856 subter
1181 799 1370 853 divinae
1400 798 1558 871 pedes
1595 799 1719 864 Idae‚

351 883 421 935 Et
446 874 708 933 ventosam
734 873 828 929 sub
853 875 1102 941 lateribus
1126 872 1253 926 olim
1274 872 1464 925 habuit

210 967 311 1027 670
347 960 555 1020 Troiam,
598 950 844 1020 infignem
869 949 1050 1002 urbem
1074 962 1302 1000 veterum
1325 944 1558 1008 heroum,
1687 1010 1690 1013 Δ

349 1021 555 1092 Trdy'am,
590 1041 752 1094 quam
778 1020 1122 1074 condiderunt
1150 1022 1424 1090 Neptunus
1449 1018 1501 1069 &
1530 1013 1748 1089 Apollo,

345 1094 556 1171 Trojano,
576 1114 735 1166 quam
761 1108 1045 1147 everterunt
1067 1093 1407 1162 Minervaque
1433 1091 1487 1143 ἃ
1513 1085 1669 1157 Jun0,

350 1171 431 1227 Ad
462 1170 694 1224 Xanthum
718 1167 825 1220 late
850 1167 1117 1230 fluentem,
1158 1166 1211 1219 &
1242 1163 1411 1215 Idaeum
1434 1166 1716 1214 Simoentem.

424 1243 542 1296 Post
563 1257 736 1294 autem
761 1239 914 1303 hanc,
951 1241 1128 1292 AEoliae
1153 1233 1386 1309 expansae
1423 1234 1538 1287 sunt
1564 1231 1707 1288 sedes
1726 1227 1888 1300 terrae‚

212 1330 309 1388 675
350 1317 515 1387 AEgaei
539 1314 685 1388 juxta
714 1312 956 1375 labrum,v
980 1311 1050 1364 ad
1078 1311 1305 1363 austrum
1333 1306 1678 1379 Hellesponti.
1808 1371 1812 1375 ῃ

426 1387 544 1442 Post
581 1404 754 1439 autem
781 1385 932 1448 hanc,
971 1382 1289 1436 habitabant
1316 1378 1589 1433 illustrium
1611 1376 1762 1432 liberi
1789 1384 1967 1445 Ionum,

356 1459 612 1517 Maritimi
636 1459 723 1529 qui
749 1473 913 1520 erant,
951 1457 1000 1508 in
1033 1472 1170 1508 terra
1198 1472 1359 1526 quam
1381 1471 1472 1523 per
1501 1449 1728 1504 mediam

354 1534 609 1587 Maeandrus
638 1529 917 1602 pinguibus
943 1531 992 1581 in
1023 1548 1162 1582 mare
1196 1525 1459 1580 delabitur
1488 1524 1792 1588 vorticibuS,

354 1610 564 1660 Miletum
590 1604 717 1655 inter
744 1605 797 1656 ὃ(
824 1598 1102 1674 spatiosam
1130 1606 1341 1653 Prienam
1374 1616 1387 1647 :

212 1685 312 1738 680
351 1678 560 1746 Qubus
592 1676 845 1729 ambabus
887 1676 1051 1745 magis
1079 1671 1337 1726 borealem
1363 1667 1573 1741 aspicies

355 1751 676 1808 Maritimam
699 1747 931 1820 Eplrcjsicm,
966 1765 1216 1817 magnam
1243 1742 1423 1796 urbem
1444 1744 1646 1808 Dianae,

358 1825 471 1879 Ubi
500 1823 607 1875 deae
637 1821 906 1893 quondam
933 1820 1097 1873 aedem
1124 1815 1471 1871 Amazonides
1499 1816 1806 1878 struxerunt,

355 1901 414 1952 In
443 1915 626 1949 trunco
655 1894 799 1957 ulmi,
826 1890 1126 1945 immensum
1155 1888 1454 1942 hominibus
1484 1888 1804 1942 miraculum.

432 1976 621 2020 Memmi
644 1983 816 2019 autem
841 1966 955 2037 post
976 1965 1071 2018 has
1094 1963 1240 2016 urbes
1259 1978 1430 2014 ortum
1461 1958 1628 2013 versus
1647 1958 1879 2033 porrecla
1901 1960 1990 2024 est,

213 2044 308 2111 685
356 2042 521 2110 (Diffi
552 2039 702 2091 aliter
731 2040 848 2107 Lydi
873 2039 1135 2109 regionem
1163 2034 1300 2088 hanc
1333 2031 1662 2105 incolebant)

359 2116 515 2167 Tmolo
542 2111 632 2165 sub
657 2109 882 2179 ventosO,
912 2108 1049 2163 unde
1075 2109 1278 2159 Paffolus
1304 2124 1496 2170 meam,

357 2190 554 2241 Aurum
574 2203 690 2237 cum
716 2183 996 2236 vorticibus
1023 2180 1230 2233 trahens
1251 2175 1489 2232 susurrat.

358 2257 523 2331 Hujus
553 2274 723 2310 autem
756 2254 823 2308 ad
851 2255 1014 2308 latera
1035 2252 1213 2306 sedens
1248 2251 1376 2303 veris
1405 2266 1640 2322 tempore

356 2332 579 2387 Olorum
611 2328 886 2382 exaudires
912 2346 1156 2380 canoram
1181 2343 1379 2387 vocem,
1416 2325 1508 2394 ,qui
1534 2324 1587 2376 in
1614 2343 1823 2378 nemore

215 2416 317 2475 690
355 2406 457 2458 Hic
485 2407 537 2456 ἃ
564 2402 670 2455 illic
699 2399 992 2472 pascuntur,
1029 2395 1277 2451 crescente
1312 2397 1366 2448 in
1394 2394 1551 2448 herba
1578 2422 1590 2450 ε

358 2477 533 2531 Multa
561 2494 787 2545 namque
813 2490 956 2544 prata
994 2475 1044 2523 in
1073 2470 1176 2540 Asia
1201 2470 1387 2531 virent,

358 2549 617 2619 Praecipue
642 2567 761 2599 vero
791 2546 842 2596 in
872 2551 1033 2612 Campo
1064 2542 1332 2604 Meam-io,
1358 2539 1446 2592 ubi
1470 2540 1641 2611 Caystri

357 2621 574 2674 Placide
611 2618 877 2690 strepentis
903 2617 1074 2669 influit
1100 2612 1372 2686 splendida
1400 2631 1555 2684 aqua.

434 2695 514 2747 Ad
538 2711 676 2744 mare
697 2708 866 2742 autem
886 2703 1180 2760 vergentem
1205 2692 1330 2738 Cares
1350 2701 1537 2737 terram
1566 2684 1883 2739 incolebant.

219 2775 315 2836 695
360 2766 428 2819 Et
455 2770 586 2835 Lycii
611 2763 681 2816 ad
717 2764 892 2814 Xanthi
918 2761 1110 2814 fluenta
1141 2757 1437 2829 pulchriflui
1464 2758 1632 2809 amnis
1657 2779 1675 2822 3

366 2839 474 2891 Ubi
505 2837 613 2889 alta
643 2834 928 2907 praecipitia
957 2833 1196 2886 habentis
1222 2828 1451 2884 visuntur
1476 2845 1674 2882 montes
1708 2833 1871 2892 Τιιιινὶ,

362 2911 472 2983 Qi
501 2911 658 2964 totius
686 2907 813 2960 Afiae
841 2905 1069 2958 mediam
1103 2921 1293 2956 terram
1318 2903 1571 2964 circumit,

363 2981 523 3036 Orsus
550 2986 575 3032 a
597 2998 729 3033 terra
755 2981 1036 3050 Pamphylia,
1071 2976 1140 3029 ad
1166 2976 1294 3027 Indos
1312 2975 1469 3027 etiam
1495 2972 1655 3046 usque
1681 2997 1694 3026 ε

363 3052 630 3107 Interdum
646 3052 863 3124 quidem
883 3050 1127 3120 obliquus
1142 3049 1196 3101 ὃ(
1218 3066 1416 3111 curvus,
1439 3046 1696 3100 interdum
1711 3046 1834 3098 vero
1850 3041 2015 3098 rursus

227 3147 324 3194 700
361 3126 603 3198 Vestigiis
631 3126 862 3195 refitiorff.
891 3128 1096 3175 Taurum
1120 3121 1242 3193 vero
1265 3117 1427 3193 ipsum
1457 3118 1824 3182 nominabant,

1917 3188 2001 3241 Eo
