2034 3490
490 57 1447 155 INTERPRETATIO'.
1773 100 1848 163 91

85 211 177 262 145
219 187 438 258 Junonis
458 184 680 259 impulsu
702 184 942 250 tranavit,
959 180 1176 255 juvenca
1196 188 1312 236 cum
1335 182 1457 238 effer
1475 206 1495 250 3

221 265 377 315 Nunc
398 260 786 325 Constantinopolis
811 256 889 308 illi
915 274 1101 307 nomen
1126 252 1266 308 facit.

218 330 638 401 Angustissimum
661 328 780 381 sane
805 326 938 381 illud
965 326 1194 380 omnium
1212 327 1283 380 est
1309 325 1493 380 fretum

226 403 482 464 Aliorum,
520 421 633 473 quae
657 400 773 453 sunt
799 398 982 452 undofi
1008 399 1178 451 maris.

224 482 416 546 Cyaneas
434 473 521 525 ubi
546 471 686 526 fama
699 473 770 524 est
795 470 1121 543 impudenter
1148 471 1198 522 in
1221 469 1349 521 mari
1369 483 1534 523 cautes

89 568 186 616 150
226 549 512 617 Vagantes,
552 565 668 597 cum
695 544 910 614 strepitu
938 544 988 594 in
1015 541 1063 594 se
1093 559 1272 595 mutuo
1296 541 1449 594 illidi.

221 619 303 671 Ex
315 637 375 670 eo
387 632 556 669 autem
577 613 862 687 [Bosphori
875 617 988 683 ore]
1010 619 1209 665 Euxinus
1222 613 1473 686 panditur
1497 633 1658 687 prope
1674 623 1856 677 Pomm,

222 689 332 760 Qi
364 688 436 741 est
455 689 639 750 vastuS‚
666 688 719 741 ὅ(
746 686 901 759 longe
929 688 979 738 in
1001 686 1230 739 Orientis
1247 683 1489 739 recessum
1509 685 1675 761 serpit.

223 758 391 832 Hujus
414 775 582 813 autem
613 758 838 831 obliquae
863 757 1076 829 quidem
1103 775 1408 830 procurrunt
1424 761 1518 812 viae

223 836 432 903 Semper
453 830 521 885 ad
549 832 768 884 Boream
793 832 846 884 &
867 831 1136 884 Orientem
1165 829 1468 901 spectantes,

90 927 182 975 155
230 905 411 958 Media
435 906 556 958 vero
582 903 705 956 hinc
731 904 779 956 ὃ(
806 903 927 955 inde
953 901 1057 954 duo
1071 903 1296 955 eminent
1319 909 1648 968 Promontoria,

225 976 460 1031 Alterum
480 976 692 1048 quidem
709 973 1092 1047 superaustrale,
1130 974 1278 1046 quod
1305 991 1492 1028 vocant
1515 977 1752 1029 Carambin
1776 998 1792 1041 3

230 1048 468 1102 Alterum
496 1064 668 1101 autem
694 1049 862 1117 magis
886 1045 1110 1108 boreale,
1147 1064 1335 1099 terram
1363 1047 1511 1120 super
1535 1050 1865 1121 Europaeam,

228 1120 390 1188 Qod
422 1120 635 1191 quidem
662 1120 852 1173 accola:
879 1124 1042 1171 Arietis
1061 1136 1251 1171 vocant
1272 1120 1484 1188 frontem.

302 1192 469 1245 Ponto
493 1192 562 1246 ad
592 1192 858 1250 Borealem
883 1206 1079 1263 partem
1100 1184 1323 1242 M,—eoti}li5
1349 1188 1496 1263 aqum
1521 1193 1704 1245 Paludis

91 1287 108 1320 1
125 1273 188 1320 60
227 1263 406 1318 Infusae
421 1262 548 1318 sunt:
566 1264 699 1319 hanc
712 1265 925 1336 quidem
937 1264 1122 1315 circum
1139 1264 1340 1335 Scythae
1353 1266 1551 1338 utrinq3
1567 1264 1871 1335 habitarunt

227 1338 340 1389 Viri
363 1338 631 1400 innumeri,
659 1353 909 1389 vocarunt
938 1351 1109 1389 autem
1130 1335 1262 1388 hanc
1290 1355 1483 1389 matrem
1509 1345 1685 1404 Ponti5

223 1410 306 1462 Ex
326 1409 419 1461 hac
441 1410 576 1463 enim
595 1410 745 1463 Ponti
769 1405 1015 1461 immensa
1039 1407 1261 1461 trahitur
1281 1428 1440 1481 aqua,

224 1481 388 1535 Recta
409 1487 698 1534 Cimmerium
724 1500 813 1553 per
834 1481 1133 1554 Bosphorum3
1165 1481 1331 1553 (apud
1352 1501 1507 1554 quem
1524 1482 1679 1536 muiti

228 1554 492 1607 Cimmerii
521 1554 827 1607 habitarunt
851 1551 998 1626 super
1027 1554 1305 1606 Afiaticam
1331 1560 1542 1626 terram)

88 1637 181 1694 165
224 1629 282 1681 N
285 1645 384 1679 unc
411 1626 536 1679 alias
565 1644 751 1679 vocant
776 1625 910 1682 hunc
940 1623 1319 1698 [Bosphorum]
1332 1627 1514 1710 fretum
1535 1625 1683 1699 (jaffe.-

302 1698 455 1754 Talis
479 1698 694 1770 quidem
721 1697 887 1757 forma
918 1699 989 1753 est
1015 1699 1168 1751 maris
1198 1699 1586 1754 Mediterranei.

781 1825 844 1890 C
881 1826 938 1891 A
969 1826 1036 1890 P.
1105 1827 1191 1892 V.

429 1934 524 1997 De
562 1929 805 2019 Europae
828 1931 1065 2015 finibzos
1094 1930 1225 2020 five
1260 1937 1543 2001 terminis.

227 2058 474 2164 NUnc
494 2071 666 2113 autem
685 2058 779 2111 tibi
800 2057 971 2113 dicam
990 2057 1176 2114 faciem
1193 2064 1521 2114 Continentizmz
1548 2066 1799 2129 omnium,

390 2130 470 2182 Ut
489 2149 791 2202 quanquam
810 2152 914 2185 non
933 2130 1256 2205 conspicatus
1270 2131 1464 2188 habeas
1479 2136 1758 2208 imaginem
1772 2135 1877 2210 ejus

517 2201 725 2256 facilem
752 2203 1036 2257 intellectu.

232 2277 313 2328 Ex
332 2275 431 2347 hoc
458 2291 631 2330 autem
656 2275 983 2330 honorabilis
1011 2278 1241 2349 &magis
1267 2279 1570 2337 reverendus
1584 2279 1681 2335 effe
1703 2281 1877 2356 poffi8‚

95 2370 189 2417 170
229 2349 454 2402 Homine
482 2368 656 2401 coram
684 2350 921 2420 imperito
952 2346 1226 2403 edifferens
1244 2350 1461 2421 singula.

302 2419 474 2473 Primo
498 2420 714 2494 quidem
735 2428 926 2494 Europae
947 2419 1120 2475 dicam
1143 2422 1443 2493 imaginem,
1461 2444 1576 2498 quae
1587 2426 1881 2490 extenditur

228 2492 312 2545 Ad
334 2493 556 2547 Boream
585 2494 766 2566 Libyae
786 2495 838 2547 ὃ(
869 2494 938 2548 ad
968 2492 1225 2548 Occasum
1251 2496 1393 2549 Afiae.

230 2565 442 2637 Europa
466 2566 676 2638 quidem
704 2571 732 2625 a
762 2566 931 2640 Lybia
956 2567 1117 2621 habet
1142 2568 1417 2622 terminum

234 2638 528 2692 Occiduum
556 2659 805 2692 oceanum
829 2642 879 2694 8<
910 2660 1051 2693 mare
1073 2640 1506 2698 Mediterraneum
1530 2667 1549 2712 3

92 2730 186 2780 175
230 2710 500 2781 Europam
528 2727 700 2765 autem
728 2711 796 2764 ab
812 2712 926 2765 Afia
946 2711 1149 2785 separat
1167 2711 1293 2766 salsa
1317 2734 1455 2786 aqua

230 2782 317 2835 Ab
346 2785 525 2854 AEgaeo
543 2784 708 2844 Ponto
729 2784 798 2857 ad
821 2786 1118 2844 Maeoticam
1134 2785 1401 2839 Paludem.

233 2855 493 2928 Deinceps
523 2861 691 2908 Tanais
716 2857 938 2911 trahitur
963 2858 1236 2911 ambarum
1259 2859 1472 2926 medius,

235 2929 346 3000 Qi
375 2928 428 2980 ὃς
459 2930 686 3003 antiquis
714 2930 1016 2984 constitutus
1043 2930 1114 2982 est
1140 2928 1402 3004 supremus
1426 2935 1686 2991 terminus.

235 3003 395 3054 Nunc
411 3016 585 3054 autem
600 3006 626 3053 ὲ
639 3001 1077 3072 quo[loco]Tana
1088 3003 1125 3056 is
1138 3002 1432 3060 devolvitur
1445 3008 1513 3063 ad
1529 3008 1755 3063 austrum
1767 3030 1889 3076 con-

94 3073 193 3131 180
231 3070 546 3125 Extenditur
566 3073 714 3126 limes
733 3073 994 3146 supremus
1011 3074 1077 3128 ad
1106 3077 1234 3130 ostIa
1264 3080 1378 3134 obii.
1672 3083 1889 3153 [versus,

235 3143 343 3209 Sed
370 3143 440 3204 ad
465 3146 640 3206 Boreae
669 3146 718 3207 ὃ(
754 3146 823 3202 ad
843 3147 1073 3222 Zephyri.
1102 3150 1208 3202 vias

1115 3222 1174 3273 Μ
1211 3242 1240 3277 2
1693 3227 1897 3297 Oceani
