2008 3495
119 78 203 146 88
531 64 1522 139 INTERPRETATIO.

124 207 191 255 30
225 181 310 239 Ad
335 177 559 233 austrum
584 175 881 250 appellatur
906 177 1140 247 Australis,
1179 191 1334 249 atque
1375 174 1527 252 supra

232 253 318 311 Ad
345 253 553 306 boream
582 264 800 321 pontum
825 250 1156 301 nominarunt
1184 250 1424 301 Borealem.

232 324 340 382 Alii
365 318 531 394 ipsum
555 337 746 375 vocant
771 324 1155 392 Congelatumque,
1189 325 1540 392 Saturniumque
1571 337 1589 370 ,·

230 397 336 453 Sed
363 394 456 449 alii
481 397 719 446 Mortuum
746 410 954 464 quoque
989 391 1250 455 dixerunt,
1290 406 1499 463 propter
1537 389 1768 445 debilem

238 468 450 533 Solem-3,
487 463 683 518 tardius
708 466 846 518 enim
871 461 1018 536 super
1044 483 1186 517 mare
1212 464 1307 517 hoc
1337 462 1494 527 lucet,

135 563 193 612 τις
234 546 550 615 Semperque
574 535 900 589 tenebricofis
928 533 1180 588 crassescit
1202 537 1253 588 in
1280 534 1523 595 nubibuS,

139 610 146 614 ⁵
235 613 527 671 Americam
556 608 685 660 inter
713 608 767 661 ἃ
795 608 1064 680 Europam
1091 607 1420 681 Libyamque

236 690 388 744 Mare
412 696 623 735 vocatur
642 682 925 733 Atlanticum
952 700 969 731 s
1004 697 1161 752 atque
1185 679 1289 732 alia
1315 680 1366 732 in
1392 693 1538 751 parte

237 763 378 814 Inter
404 754 695 809 Americam
721 752 773 805 &
795 751 1070 805 Asiaticam
1097 752 1458 812 continentem,

237 831 493 886 Homines
519 824 787 878 Oceanum
816 839 1007 877 vocant
1031 824 1278 896 Pacificum
1306 846 1324 890 3
1353 819 1546 893 semper

134 931 202 977 40
236 896 623 973 Tranquillitas
649 897 783 950 enim
808 896 964 950 valde
989 897 1164 950 sternit
1194 895 1326 949 hanc
1352 891 1538 948 salsam
1564 906 1777 960 aquam„

311 975 459 1045 Qin
486 971 644 1024 etiam
671 968 922 1022 Atlantici
951 969 1146 1023 fluxum
1170 967 1327 1021 maris

240 1048 387 1104 Alias
411 1042 656 1099 Occiduum
681 1040 935 1106 dixerunt,
972 1041 1060 1095 ubi
1088 1058 1248 1114 prope

242 1118 539 1176 Occiduam
567 1113 792 1186 Libyam
818 1130 1097 1167 murmurat
1123 1114 1486 1184 Europamque
1515 1134 1530 1162 ι

239 1193 385 1249 Alias
412 1189 568 1244 etiam
594 1185 840 1239 dixerunt
864 1188 1100 1249 Borealem‚
1141 1184 1228 1239 ubi
1252 1184 1514 1238 borealem

136 1291 200 1341 45
239 1266 405 1337 Prope
427 1261 717 1316 Americam
743 1258 975 1313 flustuat.
1047 1260 1129 1313 Sic
1156 1256 1317 1311 altera
1345 1277 1409 1310 ex
1434 1267 1603 1328 parte,

245 1338 359 1392 Ubi
379 1334 525 1409 juxta
552 1330 829 1385 australem
856 1331 1001 1404 ponti
1031 1330 1242 1403 pacifica
1271 1348 1407 1404 aqua

242 1409 496 1466 Trahitur
524 1404 835 1468 Americam,
870 1406 1073 1456 Auffrale
1098 1418 1309 1457 vocatur
1336 1401 1466 1455 alias

245 1485 431 1537 Mare:
457 1483 691 1549 Eoumque
716 1477 874 1529 etiam
903 1475 1052 1541 aliaS,
1093 1474 1182 1528 ubi
1203 1472 1348 1549 juxta
1374 1473 1522 1527 littus

251 1558 423 1610 Eoum
446 1550 605 1604 fertur
635 1549 869 1603 Afiaticae
895 1548 1220 1602 continentis.

149 1652 212 1700 50
317 1626 400 1680 Sic
419 1624 651 1678 Oceanus
675 1622 1022 1675 circumcurrit
1047 1637 1236 1674 terram
1259 1613 1565 1676 universam,

252 1701 476 1759 Tantu3‚
512 1695 567 1750 ὃς
587 1710 665 1748 tot
691 1695 819 1748 inter
843 1694 1074 1748 homines
1094 1691 1306 1746 nomina
1335 1689 1565 1744 trahens,

801 1849 858 1918 C
911 1851 970 1919 A
1016 1849 1082 1919 P.
1174 1849 1284 1917 111.

445 2013 547 2077 De
584 2012 883 2075 maximis
935 2008 1120 2074 totius
1138 2012 1333 2072 maris
1369 2001 1650 2070 Sinubus.

262 2170 361 2270 O
377 2167 578 2221 Ceanus
601 2167 734 2215 Sinus
759 2158 955 2216 crustat
981 2159 1252 2214 introrsum
1278 2157 1484 2212 mittens
2004 2214 2008 2233 1

399 2240 457 2292 In
481 2253 688 2298 terram,
711 2252 894 2307 parvos
921 2234 1128 2307 quidem
1154 2232 1338 2306 plureS,
1355 2228 1438 2284 sed
1460 2229 1652 2303 septem
1674 2230 1940 2284 maximos*-
2004 2235 2008 2288 ’ξ

262 2311 462 2365 Primus
494 2308 631 2370 sane,
667 2309 720 2361 δι
742 2305 973 2360 omnium
999 2303 1429 2379 praestantiffimus
1459 2303 1699 2367 aliorum,
2004 2314 2008 2374 1Ι

167 2406 223 2456 55
268 2385 481 2455 Longus
509 2379 576 2433 ab
601 2378 819 2433 occiduo
843 2378 1072 2432 volvitur
1100 2379 1314 2433 Oceano

266 2455 352 2509 Ad
377 2470 545 2508 ortum
573 2452 626 2506 &
653 2451 871 2515 arcium,
910 2452 1043 2505 intra
1075 2451 1351 2504 Afiaticam
1379 2462 1587 2511 terram,
1721 2449 1723 2451 ’
2006 2448 2008 2513 ξ

263 2530 530 2600 Europam
559 2524 629 2577 ad
654 2523 834 2578 laevam
858 2525 1165 2596 praeteriens,
1200 2523 1253 2576 &
1289 2520 1358 2573 ad
1386 2518 1623 2572 dextram

264 2599 516 2663 Africam,
542 2597 595 2651 8(
627 2595 698 2650 ad
725 2596 939 2649 boream
959 2593 1236 2649 conversus
1277 2592 1555 2646 Asiaticam
1582 2608 1789 2645 terram:
2007 2579 2008 2609 ¹

264 2674 597 2744 Qapropter
622 2666 787 2742 ipsum
812 2668 1185 2721 Mediterraneum
1212 2681 1399 2719 vocant
1424 2682 1581 2717 mare.

163 2756 232 2802 60
337 2741 607 2798 Secundus
636 2745 664 2794 ὲ
691 2742 935 2794 Saturnio
961 2742 1218 2794 eructatur
1243 2738 1374 2790 mari

270 2816 355 2872 Ad
380 2834 559 2871 eurum
588 2815 924 2883 boreamque,
961 2812 1191 2866 borealia
1220 2812 1357 2863 intra
1384 2826 1511 2864 arva

270 2889 511 2960 Europae,
549 2905 707 2958 quem
736 2886 894 2938 etiam
923 2885 1151 2937 Codanum
1177 2880 1544 2958 appellarunt:

273 2964 433 3015 Nunc
461 2974 632 3013 autem
660 2957 786 3010 alias
814 2973 1001 3010 vocant
1026 2955 1267 3010 mortales
1292 2957 1514 3007 Balticum
1543 2952 1773 3009 flufium,

351 3032 439 3084 Est
467 3031 538 3085 ab
565 3033 780 3084 Oceano
807 3029 1016 3083 australi
1046 3029 1240 3092 tertius,
1279 3040 1436 3098 atque
1463 3040 1672 3096 quartus
1701 3052 1713 3079 z

178 3112 238 3171 65
289 3103 362 3158 Et
376 3103 460 3158 hic
488 3103 698 3175 quidem
724 3102 954 3169 Arabicam,
976 3099 1175 3154 medius
1202 3103 1332 3154 inter
1352 3098 1580 3172 Libyam
1606 3098 1966 3171 Arabiamque

1772 3204 1960 3259 Exten-
